4898 6194
483 553 542 610 Ἡ

575 763 581 776 κ
649 713 795 792 Deinde
809 713 923 792 totius
942 713 1077 815 papyri
1095 713 1346 792 Baralinensis
1369 713 1546 792 tricesimi
1568 715 1688 809 sexti,
1719 723 1758 791 et
1785 711 2021 790 exordiorum
2047 721 2274 793 caeterorum

491 848 719 926 -volumtnum
745 849 1040 926 Beroliuenaium
1061 848 1315 924 enchoriorum
1345 850 1700 948 repraesentationes
1730 875 1813 926 cum
1841 849 2036 948 adscriptis
2057 849 2275 948 interpreta-

495 983 666 1076 tionibus,
694 1006 786 1082 qnas
804 993 846 1059 ut
865 983 970 1082 potui
997 984 1190 1082 diligenter
1218 981 1379 1074 conieci,
1411 1009 1495 1058 eum
1519 984 1558 1058 in
1578 984 1689 1062 finem
1715 980 1936 1084 adjiciendas
1965 983 2110 1074 curavi,
2135 992 2178 1058 nt
2202 1005 2275 1082 qna
2437 1037 2438 1050 ι

496 1117 635 1194 ratione
652 1116 692 1192 id
716 1141 832 1216 genus
851 1117 1052 1216 scripturas
1076 1116 1266 1192 enchoriae
1287 1115 1524 1216 explicandas
1550 1141 1634 1192 essa
1658 1141 1837 1208 neumam,
1864 1116 1985 1192 statim
2011 1115 2275 1214 quodammodo

497 1251 731 1330 declararem.
781 1253 953 1326 Attamen
979 1275 1052 1326 non
1078 1250 1208 1342 omnia,
1232 1273 1326 1348 qnae
1344 1249 1613 1350 adscripserim,
1638 1259 1809 1349 tanquam
1833 1259 1934 1326 certa
1954 1259 2104 1348 rataque
2127 1273 2187 1324 ma
2209 1273 2276 1348 po-

497 1385 628 1478 scisse,
653 1385 713 1460 rel
738 1409 787 1460 ex
810 1380 963 1484 adjectis
987 1384 1221 1460 dubitationis
1238 1383 1352 1482 signis
1380 1383 1488 1458 facile
1512 1383 1760 1482 adsequentur
1785 1383 1942 1460 lectores
1970 1381 2094 1481 periti;
2135 1382 2277 1480 singula

495 1545 595 1612 vero,
622 1543 705 1596 cum
731 1544 774 1594 ca
793 1543 886 1616 quae
902 1527 1002 1594 certa
1017 1541 1111 1608 esse,
1130 1527 1209 1592 tum
1230 1541 1275 1592 ea
1293 1541 1387 1616 qnae
1404 1517 1442 1592 in
1459 1515 1759 1616 disceptationem
1775 1517 1908 1592 cadere
1926 1540 2104 1608 censeam,
2121 1516 2276 1617 amplius

496 1663 728 1753 exponentur
750 1651 1049 1728 commentatione
1065 1650 1243 1751 proxima,
1268 1675 1363 1750 quae
1384 1651 1494 1727 etiam
1510 1651 1601 1726 alios
1617 1675 1783 1750 papyros
1797 1651 1959 1750 integros
1975 1643 2171 1726 lectoribus
2189 1673 2276 1749 pro

496 1798 621 1890 ponat.
642 1775 648 1790 ’
670 1787 936 1862 Nomnllorum
955 1795 1076 1861 autem
1099 1784 1335 1876 voluminum,
1352 1784 1486 1884 quibus
1513 1784 1745 1882 syngraphae
1771 1784 2020 1877 continentur,
2054 1783 2276 1884 exemplaria

495 1921 580 1998 bina
597 1920 761 1996 Berolini
787 1919 1046 2012 adservantur,
1072 1919 1202 1996 coelem
1226 1919 1372 2018 quidem
1391 1929 1557 2017 tempore
1575 1927 1743 2010 exarata,
1769 1927 1926 1993 attamen
1948 1918 1987 1993 in
2006 1917 2187 1993 nonnullis
2218 1916 2274 1992 di-

496 2078 622 2146 versa3
647 2051 745 2130 unde
763 2052 900 2128 iactum
926 2062 994 2144 est,
1020 2062 1062 2128 nt
1080 2050 1319 2127 bibliothecae
1336 2051 1459 2150 regiae
1470 2051 1650 2152 praefecti
1668 2051 1890 2151 exemplaria
1909 2052 1970 2126 illa
1989 2051 2131 2150 gemina
2143 2050 2274 2128 litteris

495 2197 571 2262 aet
588 2188 612 2262 b
629 2184 824 2284 adscriptis
843 2184 1086 2262 distinxerint.
1120 2185 1243 2286 Quum
1262 2193 1436 2284 tempora,
1451 2187 1498 2260 ad
1514 2211 1608 2285 quae
1631 2185 1814 2286 pertinent
1833 2186 2063 2285 syngraphae
2085 2183 2276 2260 enchoriae

402 2417 404 2422 Ι
496 2321 769 2409 Berolinensas,
786 2341 836 2392 ex
853 2317 994 2393 ratione
1005 2342 1028 2393 a
1041 2316 1512 2418 champollionoproposita
1527 2344 1633 2418 quam
1650 2345 1798 2420 possem
1809 2319 1983 2395 adcurate
1996 2341 2182 2418 exponere
2195 2317 2273 2392 vel·

494 2451 565 2528 lem
583 2450 715 2550 quibus
733 2451 959 2551 temporibus
979 2451 1126 2528 diverso
1141 2452 1250 2527 modo
1265 2451 1492 2551 explicandis
1509 2477 1658 2550 operam
1671 2451 1773 2526 dedit
1792 2453 2029 2550 Scyllarthns
2050 2479 2082 2528 v.
2098 2478 2141 2546 c,
2164 2453 2271 2528 etiam

454 2623 461 2633 ·
497 2583 675 2660 mensium
695 2595 732 2659 et
748 2609 983 2660 numerorum
996 2588 1099 2684 signa
1114 2583 1424 2685 aGhnmpolliono
1439 2595 1585 2684 reperta
1604 2586 1642 2660 in
1658 2585 1791 2662 tabulis
1807 2587 1943 2662 b-l.
1969 2586 2275 2688 repraesentanda
2439 2595 2440 2628 ¹

499 2742 579 2792 asse
595 2725 699 2792 ratus
718 2743 811 2808 snm,
826 2727 868 2792 nt
879 2714 995 2817 major
1010 2717 1300 2817 interpretationi
1312 2718 1405 2794 fides
1416 2714 1686 2818 adjungeretur.
1723 2718 1876 2795 Debitos
1898 2744 1988 2796 vero
2003 2721 2137 2818 gratias
2150 2722 2273 2796 resero

496 2849 681 2950 Youngio
708 2849 1005 2950 champolliono,
1031 2851 1234 2948 Peyronio,
1258 2851 1350 2961 siris
1375 2852 1690 2952 praeclarissimis,
1717 2853 1780 2952 qui
1804 2852 1947 2952 quoties
1973 2851 2110 2951 aliquid
2134 2851 2182 2962 ad
2207 2853 2277 2926 hoc

481 2969 702 3078 'studiorum
736 3007 852 3080 genna
887 2982 1074 3082 pertinens
1100 2987 1146 3059 ab
1170 2984 1217 3059 iis
1243 2985 1488 3078 sciscitarem,
1528 2987 1637 3062 toties
1675 2987 1850 3062 benevole
1883 3010 2029 3086 semper
2064 2999 2101 3061 et
2132 2995 2275 3085 promte

497 3141 591 3218 qnae
616 3114 864 3192 desiderarem
886 3099 1031 3192 duacum
1057 3118 1424 3199 communicaverunt.
1476 3120 1592 3198 Pares
1617 3121 1752 3220 gratias
1777 3120 1867 3197 viris
1886 3120 2107 3197 doctissimis
2132 3145 2276 3221 qnoque

496 3249 623 3341 haheo,
649 3248 712 3346 qui
737 3247 977 3325 bibliothecae
1001 3252 1125 3348 regiae
1150 3251 1382 3327 Berolinansi
1407 3263 1595 3350 praesunt,
1621 3253 1819 3344 Willrenio,
1846 3253 2079 3344 Buttmanno,
2107 3227 2274 3354 Spilero,

497 3383 560 3481 qni
584 3382 768 3458 volumina
793 3382 1008 3482 aegyptiaca
1032 3383 1285 3482 perlustranda
1316 3382 1585 3479 scrutandoque
1620 3405 1761 3456 summa
1794 3361 1941 3482 semper
1965 3385 2186 3461 humanitate
2210 3411 2280 3488 pe-

495 3515 587 3591 tenti
612 3513 700 3591 mihi
735 3512 977 3590 crediderunt
1031 3513 1133 3589 Nihil
1167 3513 1266 3590 aliud
1301 3524 1433 3607 restat,
1479 3514 1551 3590 nisi
1575 3525 1617 3590 nt
1655 3515 1811 3590 lectores
1852 3515 2026 3592 candidos
2067 3543 2190 3614 orem,
2234 3533 2278 3596 nt

495 3653 641 3744 labores
686 3650 755 3724 hos
799 3644 1090 3747 qualescunque,
1132 3673 1224 3748 qnos
1272 3648 1310 3725 in
1349 3674 1392 3724 re
1439 3647 1553 3723 ardna
1591 3657 1629 3723 et
1665 3625 1940 3724 difficultatibus
1976 3649 2086 3727 variis
2120 3651 2276 3730 circum·

498 3783 607 3884 septa
632 3771 827 3881 'suscipere
864 3780 985 3872 volui,
1028 3782 1134 3880 aequi
1169 3782 1324 3882 bonique
1359 3781 1560 3861 consulant
1628 3781 1769 3882 Scripsi
1805 3780 2117 3882 Gryphisvaldiac
2148 3807 2286 3864 meuse—

383 3941 387 3950 ·
501 3917 667 4016 augusto
692 3939 725 3991 a.
752 3909 1123 3998 elobcccxxvll

1447 4165 1453 4180 ,
1590 4087 1652 4159 Jo.
1685 4043 1841 4182 cadosa.
1864 4090 1958 4162 Led.
1981 4091 2222 4184 Koaegmtea.
