4898 6194
1903 577 1973 676 ‘oo

187 795 260 858 euru
295 787 529 880 esse'kappri,
560 787 676 855 idest
700 807 768 874 xx,
811 787 924 878 primo
949 786 1090 878 quidem
1114 786 1470 880 conjecit'Youngius.
1536 785 1662 856 Verum
1688 787 1724 854 in
1747 795 1981 878 repraesenta-

185 923 277 992 tione
302 919 526 1015 antigraphi,
564 943 667 1010 quarn
692 927 884 992 accuratam
909 921 946 988 in
971 921 1090 990 tabula
1108 921 1169 992 3⁵.
1201 921 1298 992 libri:
1343 918 1613 1013 Hieroglyphics
1643 922 1751 990 edidit
1776 921 1827 987 vir
1852 919 1979 990 doctis-

183 1057 306 1143 sinus,
333 1057 381 1124 ita
405 1055 494 1125 haec
518 1063 599 1123 uota
626 1063 762 1124 exarata
786 1045 952 1125 cernitur:
1732 1067 1736 1072 '

673 1195 774 1327 ’ᾗ
987 1222 1009 1288 i.
1052 1244 1082 1289 e.
1134 1262 1170 1320 ,η
1270 1221 1294 1286 i.
1334 1243 1362 1287 e.
1415 1225 1515 1288 xvirr.

181 1411 282 1494 Quae
318 1413 399 1475 uota
431 1405 576 1472 eundern
605 1423 781 1472 numerum
811 1405 1006 1498 significans
1039 1405 1139 1472 etiarn
1172 1403 1210 1472 in
1249 1403 1424 1472 exactione
1453 1403 1627 1496 vectigalis
1661 1404 1707 1471 ad
1742 1401 1973 1506 syngrapheus

182 1543 390 1632 Greyiananr
415 1539 564 1630 primaru
587 1538 795 1628 pertinente,
820 1537 1104 1632 Hieroglyphics,
1130 1538 1199 1604 tab.
1225 1538 1284 1609 34.
1311 1538 1414 1628 plane
1439 1536 1562 1604 eodem
1587 1537 1693 1604 ruodo
1718 1537 1845 1628 scripta
1869 1558 1971 1628 repe-

182 1675 273 1742 ritur.
326 1673 456 1741 Littera
481 1672 599 1763 kappa
621 1692 703 1738 uero
730 1674 766 1738 in
791 1671 999 1764 antigrapho
1026 1671 1201 1761 Greyiano
1227 1670 1295 1742 hac
1320 1670 1430 1738 forma
1455 1671 1583 1760 scripta
1607 1671 1769 1739 cernitur:

1010 1813 1054 1898 Κ

185 1987 343 2076 Sequitur
366 2007 521 2079 papyrus
544 1985 667 2054 Zoidis·
686 1989 830 2078 primus,
864 2009 970 2076 quem
992 2011 1071 2059 curn
1096 1989 1276 2056 altero-ad
1302 1989 1446 2056 eandem
1470 1987 1614 2056 Zoidem
1639 1947 1853 2078 pertinente,
1893 1987 1968 2054 edi—

181 2121 233 2188 dit
265 2123 510 2211 illustravitque
543 2121 761 2189 Petrettinius
785 2121 821 2186 in
845 2120 953 2189 libror
1005 2122 1122 2214 Papiri
1156 2123 1395 2215 greco-egini
1429 2122 1475 2189 ed
1509 2121 1585 2188 altri
1619 2122 1716 2214 greci
1749 2121 1966 2188 mouumenti.

181 2233 332 2324 Vienna.¹
349 2275 562 2324 nucccxxrr.
613 2229 862 2324 Nonnullorum
886 2276 969 2322 vero
993 2253 1095 2348 hujus
1119 2257 1248 2348 papyri
1272 2256 1438 2342 locorum,
1466 2265 1567 2345 atque
1584 2256 1728 2324 maxime
1747 2273 1963 2324 numerorum

179 2397 358 2476 uotuum,
384 2411 471 2478 quae
494 2392 530 2456 in
555 2411 597 2456 eo
623 2389 769 2482 scriptae
794 2397 994 2476 cernuntur,
1034 2389 1296 2482 explicationem
1322 2390 1514 2458 emendavit
1538 2390 1590 2456 vir
1615 2389 1827 2458 doctissimus
1853 2385 1966 2456 Otlri·

182 2523 247 2591 dns
271 2523 476 2609 Muellerus,
519 2545 623 2612 quum
657 2523 693 2590 in
718 2521 995 2612 ephemeridibus
1021 2523 1311 2617 Gottingeusibus.
1352 2526 1436 2593 Nro.
1466 2521 1549 2592 105.
1589 2522 1697 2594 1827.
1734 2522 1779 2589 de
1806 2541 1847 2587 eo
1872 2520 1963 2588 libro

179 2655 380 2745 disputaret
431 2631 527 2724 illios
552 2656 784 2748 explicationis
808 2656 905 2725 locos
930 2656 1010 2723 viris
1035 2655 1144 2726 doctis
1180 2658 1254 2724 aliis
1288 2656 1425 2746 reliquit
1458 2653 1634 2722 sanandos.
1686 2654 1827 2722 Emerat
1854 2663 1964 2724 autem

179 2787 259 2856 zois
285 2811 374 2857 auno
399 2813 479 2877 m,
507 2791 565 2858 die
588 2812 681 2858 xrru
706 2789 925 2858 Pharmutlris
951 2811 1072 2882 agrurn
1097 2791 1265 2880 quendam
1290 2791 1434 2881 regium,
1460 2807 1574 2881 prope
1589 2786 1823 2879 Memphidim
1846 2787 1962 2868 situru;

180 2931 314 3012 partem
339 2925 510 3012 quandam
533 2923 635 3014 pretii
659 2945 727 2990 una
752 2944 832 2992 curn
856 2924 1026 3016 vectigale
1052 2925 1235 2992 emtoribus
1270 2924 1431 3015 imposito
1468 2923 1589 2990 eadem
1622 2922 1748 2990 femina
1778 2921 1962 3012 trapezitae

181 3056 278 3148 regio
304 3055 485 3142 Heraclidi
510 3055 609 3123 solvit
634 3076 723 3123 anno
749 3075 855 3141 xm,
891 3057 947 3123 die
972 3079 1010 3122 rr
1036 3057 1273 3142 Pharmuthis,
1310 3057 1405 3145 quod
1443 3047 1635 3124 declaratur
1669 3076 1806 3145 papyro
1831 3054 1962 3143 primo;

183 3189 319 3254 alteram
346 3189 448 3280 pretii
473 3197 605 3286 partem
632 3189 751 3256 eadem
777 3189 903 3256 semina
928 3191 1039 3258 eidem
1064 3191 1250 3281 trapezitae
1276 3190 1375 3258 solvit
1400 3209 1489 3258 anuo
1516 3207 1647 3272 xxxin,
1675 3185 1732 3254 die
1756 3205 1823 3254 xxv
1847 3183 1960 3252 Phar-

182 3321 325 3408 muthis‚
361 3321 456 3412 quod
481 3321 631 3390 secundo
656 3343 792 3412 papyro
819 3322 1019 3393 declaratur.

332 3521 471 3590 Constat
497 3543 577 3589 vero
604 3525 821 3613 expertibus
847 3527 945 3595 variis
969 3548 1121 3618 papyrus
1146 3525 1284 3616 primus,
1317 3490 1404 3615 uuae
1429 3546 1544 3594 omnes
1570 3523 1616 3590 ad
1640 3521 1772 3615 primae
1796 3520 1963 3610 pecuniae

185 3655 394 3724 exactionem
420 3664 454 3724 et
478 3655 679 3726 solutionem
704 3668 868 3750 spectant.
920 3659 1019 3744 Quae
1045 3682 1086 3729 ex
1109 3659 1163 3730 his
1189 3661 1346 3755 legerunt
1371 3659 1589 3730 Petrettinius
1615 3665 1649 3726 et
1665 3655 1851 3726 Muellerus
1876 3652 1962 3724 haec

176 3789 251 3858 fere
276 3799 361 3858 sunt.

594 3943 1540 4110 V.PapyrusZoidispri1uns.

816 4209 1014 4303 Apocha
1038 4214 1309 4284 Heraclidis
1425 4223 1427 4226 ’

541 4401 543 4412 .
685 4375 766 4437 quae
792 4362 964 4438 pecuniam
992 4361 1116 4423 solvisse
1145 4358 1276 4421 Zoidem
1301 4357 1448 4420 declarat.

173 4519 275 4586 ἔτους
297 4519 357 4582 λα’
380 4523 570 4602 φαρμοῠὲα
590 4521 621 4584 ς·
642 4518 824 4586 πέπτωκεν
846 4521 900 4589 oa
921 4524 985 4605 τὴν
1007 4522 1046 4588 ἐν
1063 4523 1198 4609 μέμφει
1229 4522 1428 4609 βασιλικὴν
1453 4521 1638 4602 τράπεζαν
1659 4521 1871 4606 χανρὴμονι,
1905 4521 1955 4606 τῷ

173 4641 259 4716 παρ’
282 4637 506 4718 ἡρακλείδου
527 4641 592 4702 τοῦ
621 4639 849 4720 apostema,
886 4645 1066 4722 παρόντος
1092 4641 1313 4722 χρυσίππου,
1350 4640 1451 4720 παρὰ
1479 4641 1613 4712 δαΐδας
1639 4647 1702 4723 τῆς
1732 4635 1956 4720 ἡρακλείδου

173 4753 268 4818 κατὰ
288 4753 354 4833 τὴν
375 4751 614 4838 ὑποκειμένην
636 4757 850 4840 διαγραφὴν
869 4762 1016 4838 χαλκοῦ
1048 4759 1239 4841 ἀλλαγῆς.)
1273 4761 1437 4826 τάλαντα
1461 4757 1544 4838 δύο,
1577 4757 1738 4839 τετράκις
1760 4756 1832 4830 χιλ.
1864 4751 1873 4839 Ι
1899 4755 1951 4818 rit.
2074 4747 2079 4760 '

169 4873 210 4955 a*
232 4857 263 4936 r.
285 4861 349 4937 κα
378 4867 554 4956 sequaces
585 4875 681 4952 asa,
722 4871 894 4959 tamam>
913 4875 1006 4962 ραι
1039 4880 1090 4944 α.
1115 4878 1149 4958 ρ.
1166 4863 1201 4942 λ.
1223 4857 1322 4950 oua.
1352 4866 1356 4874 '

1009 5037 1112 5086 Le.
