4898 6194
974 633 1176 666 “““”·“·’““
1920 621 1971 696 25

185 798 321 868 illorum
334 793 509 886 signomm
523 789 678 875 formam,
705 789 981 880 respondendum
996 799 1055 878 est,
1080 789 1173 863 hunc
1191 793 1385 884 explicandi
1402 795 1555 883 modum,
1577 800 1605 865 si
1621 799 1696 868 aliis
1714 801 1870 872 subsidiis
1891 826 1968 874 cer-

185 931 327 1001 tioribus
345 947 416 994 non
430 925 624 1016 adjuvetur,
648 921 741 990 nulla
756 924 891 1013 aperire
913 946 1031 1016 posse,
1054 946 1141 1016 quae
1170 927 1241 994 lide
1270 927 1376 1021 digna
1402 927 1477 995 sint
1529 929 1698 1002 Omnibus
1723 935 1814 1004 enlm
1826 935 1911 1010 ,fere
1930 939 1965 1006 in

185 1062 359 1156 scripturis
373 1059 447 1128 lieri
461 1056 625 1142 videmus,
645 1062 684 1122 ut
701 1055 833 1124 litterae
853 1055 1090 1146 adhibeantur,
1113 1081 1201 1151 quae
1217 1061 1330 1130 forma
1350 1061 1482 1148 similes,
1505 1064 1752 1156 significatione
1767 1091 1849 1138 vero
1870 1071 1968 1140 dissi-

184 1199 281 1272 miles
291 1197 366 1281 sint,
388 1189 676 1283 quemadmodum
692 1189 788 1282 apud
802 1190 980 1258 Hebraeos
998 1193 1129 1262 litterae
1141 1193 1258 1266 Reaclt
1283 1203 1318 1262 et
1338 1195 1487 1283 Dalcth,
1518 1205 1552 1264 et
1572 1197 1674 1290 Caph
1690 1209 1724 1266 et
1742 1201 1846 1288 Beth,
1865 1213 1967 1293 atque
2081 1213 2086 1230 ·

185 1333 280 1424 apud
302 1329 453 1400 Graecos
467 1325 599 1394 litterae
612 1325 669 1413 Ny
691 1333 726 1392 et
749 1324 779 1392 Y
797 1323 921 1418 psilon,
947 1328 1009 1394 etn'
1024 1335 1194 1418 potestate
1206 1349 1345 1419 prorsus
1362 1329 1515 1396 diversae
1533 1331 1607 1416 sint,
1637 1331 1749 1402 forma
1763 1343 1876 1402 tamen
1896 1359 1963 1425 pa-

182 1489 258 1536 rum
273 1465 359 1532 inter
376 1483 412 1530 se
424 1455 599 1544 differunt,
616 1463 651 1524 ct
672 1457 708 1525 in
728 1459 894 1549 scriptura
913 1461 1067 1550 paullum
1085 1460 1313 1552 negligentius
1331 1471 1465 1530 exarata
1481 1463 1536 1530 vix
1552 1486 1574 1531 a
1588 1487 1624 1532 se
1645 1465 1788 1536 invicem
1802 1468 1963 1562 distingui

183 1606 318 1692 queant
369 1592 600 1680 Quamobrem
621 1591 656 1658 in
681 1591 885 1682 explicanda
904 1594 1019 1684 aliqua
1042 1596 1209 1685 scriptura
1234 1595 1643 1687 peregrina‚s01amjam
1664 1600 1813 1690 plurimu
1834 1603 1964 1670 linera-

182 1753 259 1802 rnm
279 1731 437 1814 sormam,
463 1745 568 1816 quum
596 1724 712 1794 sinrilia
731 1726 789 1814 sit,
810 1726 952 1794 similem
980 1749 1116 1819 quoque
1143 1749 1257 1796 earnm
1286 1727 1470 1798 litterarum
1493 1739 1697 1822 potestatem
1718 1734 1962 1822 demonstrare,

181 1865 295 1957 putari
309 1883 379 1931 non
396 1829 519 1952 porcat
570 1857 821 1950 Saepenumero
842 1868 934 1966 certe
951 1861 1002 1952 tlt,
1027 1869 1066 1928 ut
1087 1883 1195 1954 parva
1210 1862 1378 1950 quaedam
1389 1862 1530 1932 'formae
1549 1865 1723 1934 diversitas
1740 1867 1962 1958 significatio-

182 2020 261 2067 nem
284 1997 415 2064 litterae
438 1993 542 2084 plane
566 1999 728 2060 mutatam
752 1993 888 2062 indicet
950 1993 1055 2087 Cujus
1086 1995 1137 2062 rei
1169 1995 1269 2060 etiarn
1293 1997 1329 2061 in
1360 1995 1516 2088 legendis
1541 1999 1753 2089 aegyptiacis
1779 2000 1963 2090 scripturis,

178 2140 218 2202 ut
241 2129 326 2199 milri
349 2128 526 2213 videtars
547 2137 723 2194 memorest
736 2147 800 2194 nos
814 2137 897 2194 'esse
921 2135 1068 2218 oportet
1129 2127 1449 2216 mspenmnmum
1480 2130 1649 2219 reperitur
1673 2130 1877 2200 vocabulum
1903 2155 1964 2200 en-

181 2263 300 2336 chorie
325 2263 499 2354 scriptum,
524 2279 567 2330 ac
591 2278 693 2348 supra
717 2279 800 2354 pag.
830 2257 888 2334 15.
914 2280 936 2327 ι
959 2261 1110 2354 mejam
1136 2268 1367 2350 memoratum,
1394 2261 1489 2351 quod
1514 2261 1725 2334 sacerdotem
1750 2265 1939 2358 significat:

953 2393 1051 2538 st
1088 2449 1126 2520 υ
1259 2467 1267 2482 =

180 2582 284 2668 Quod
307 2581 512 2651 vocabulum
536 2577 655 2648 acela
691 2577 980 2670 pronuntiandam
1006 2601 1079 2646 esse
1103 2579 1234 2674 aliquot
1256 2578 1319 2646 vlrl
1338 2576 1439 2662 ,docti
1465 2577 1703 2672 conjacernnt;
1737 2581 1797 2670 qul
1821 2580 1963 2650 tortasse

175 2717 320 2784 litteram
345 2715 528 2786 secundam
555 2711 746 2805 significare
771 2715 925 2784 vocalem
949 2736 974 2783 u
997 2721 1219 2804 putaverunt,
1258 2720 1445 2804 propterea
1476 2713 1574 2800 quod
1605 2713 1708 2806 liujus
1741 2713 1873 2782 litterae
1897 2736 1961 2784 un-

176 2870 309 2938 cinatae
333 2867 445 2935 lorma
470 2866 678 2954 aliquantum
703 2865 847 2936 accedat
875 2864 921 2932 ad
956 2864 1102 2931 sormam
1127 2863 1261 2932 litterae
1297 2863 1477 2932 uncinatae
1512 2843 1576 2976 s,
1611 2885 1700 2956 quae
1724 2883 1886 2951 revera,
1929 2871 1969 2934 nt

176 3037 278 3108 supra
304 3015 569 3084 demonstratum
595 3023 655 3099 est,
680 3015 834 3083 vocalem
859 3033 883 3080 ιι
906 3014 962 3080 vel
988 3033 1009 3079 o
1036 3013 1215 3103 significat.
1268 3013 1346 3120 Qua
1368 3016 1405 3082 in
1428 3035 1467 3082 re
1492 3019 1606 3080 tamen
1629 3012 1668 3081 id
1693 3013 1966 3084 animadverten-

175 3165 259 3235 dum
284 3159 370 3230 mihi
393 3163 543 3248 videtur,
569 3158 664 3250 quod
689 3161 798 3227 littera
822 3157 910 3226 haec
954 3137 990 3272 s
1026 3206 1037 3243 ,
1064 3179 1152 3244 quae
1176 3159 1303 3228 vocalis
1329 3183 1352 3230 o
1370 3171 1431 3248 est,
1456 3181 1582 3228 uncum
1604 3159 1731 3226 habeat
1749 3161 1796 3242 ad
1813 3143 1965 3230 dextram
2096 3123 2103 3135 ι

173 3323 305 3409 partem
331 3333 547 3388 conversum,
582 3309 692 3376 littera
717 3329 819 3394 vero,
858 3327 946 3398 quae
979 3308 1015 3374 in
1039 3265 1212 3375 vocabulo
1234 3309 1421 3377 sacerdotis
1457 3315 1563 3376 exstat
1596 3303 1763 3392 secunda,
1800 3317 1962 3398 quantum
2042 3303 2047 3318 '

176 3450 291 3534 sciam,
318 3417 461 3538 semper.
474 3443 604 3512 munita
629 3443 819 3534 reperiatur
843 3460 934 3510 unco
960 3439 1005 3507 ad
1031 3438 1197 3510 oneum
1219 3447 1356 3532 partem
1386 3462 1568 3527 converso,
1592 3439 1765 3532 igiturque
1790 3440 1964 3510 diversitas

176 3581 344 3672 quaedam
368 3581 500 3648 formae
525 3585 728 3674 copstanter,
754 3583 792 3644 nt
815 3573 959 3673 ridetur,
986 3580 1116 3660 retenta
1139 3571 1227 3642 inter
1252 3582 1428 3666 utramque
1452 3574 1600 3642 litteram
1616 3571 1813 3650 intercedat
1865 3575 1961 3660 Quo-P
1998 3644 2005 3660 Ι

175 3723 321 3809 propter
346 3713 525 3782 secundam
550 3713 698 3781 litteram
721 3709 881 3780 vocabuli
907 3691 1092 3802 sacerdotis
1124 3726 1191 3798 pro
1204 3707 1328 3805 'vocali
1354 3730 1376 3776 o
1401 3707 1530 3786 habere
1552 3706 1681 3806 polim,
1706 3705 1831 3782 *donec
1857 3729 1961 3805 argu-

177 3859 290 3917 mcnta
315 3849 478 3934 certiora,
505 3869 594 3938 quas
618 3867 694 3914 earn
717 3849 921 3936 potestatem
945 3841 1078 3907 litterae
1103 3836 1345 3933 demonstrent,
1371 3842 1523 3934 exposita
1548 3841 1623 3910 sint.
1894 3815 1898 3822 ⁵

327 4015 557 4108 Reperiuntur
578 4033 715 4116 quoquc
738 4009 906 4082 vocabula
926 4006 1110 4095 ,cuderim
1151 4029 1240 4098 quae
1273 4007 1421 4080 breviori
1447 4006 1542 4100 qnasi
1566 4006 1691 4094 modo,
1736 4025 1807 4124 non
1830 4007 1960 4098 litterisq

176 4149 238 4222 ved
261 4149 375 4243 potius
401 4149 495 4242 siglis
520 4148 647 4242 scripta
673 4167 744 4216 esse
768 4145 967 4230 videantur3
993 4147 1039 4226 de
1063 4139 1186 4232 quibus
1203 4143 1368 4240 proximo
1394 4144 1508 4234 capite
1523 4143 1674 4251 ‘dicetur

782 4441 1326 4478 ...w-
