4898 6194
484 543 533 616 οε
767 643 770 648 ¹
1275 569 1477 587 ·—-

481 726 533 786 29.
576 721 652 782 τοῖς
675 705 788 796 ἱεροῖς
820 713 1045 801 ὀφειλόμενα
1074 709 1193 784 ελςτό
1223 709 1420 795 βασιλικὸν
1449 711 1517 778 ἕως
1544 715 1609 778 τού
1637 709 1773 794 όγδόου
1803 710 1902 778 έτους
1926 705 2014 773 ὄντα
2036 707 2088 772 εἱς
2110 705 2210 772 σέτου
2232 725 2268 771 τε

570 836 632 900 καῖ
658 834 839 914 ιέργυρέου
860 835 1001 912 πλῆθος
1023 829 1090 894 ούκ
1114 829 1242 911 ὀλίγον
1266 828 1440 894 ῶσαύτως
1463 826 1502 894 δέ
1517 829 1581 894 καὶ
1597 828 1661 894 τὰς
1671 825 1775 909 τιμὰς
1787 830 1859 892 τῶν
1873 828 1925 910 μὴ
1941 820 2268 907 συντετελεσμένων

571 953 623 1014 εὶς
644 947 683 1014 τύ
706 944 903 1033 βασιλικὸν
925 946 1116 1028 βυσσίνων.
1134 947 1239 1013 όθονέ

485 1110 537 1170 50.
581 1123 635 1166 ων
656 1099 720 1164 καὶ
743 1103 814 1163 τῶν
837 1095 1163 1180 συντετελεσμένων
1183 1098 1229 1163 τὰ
1255 1096 1345 1177 πρὸς
1373 1094 1437 1161 τόν
1465 1093 1719 1179 δειγματισμὸν
1752 1095 1918 1178 διάφορα
1947 1091 2015 1158 ἕως
2046 1094 2120 1156 τῶν
2148 1089 2269 1155 αύτῶν

570 1217 718 1298 χρόνων
742 1213 921 1280 ἀπέλυσεν
944 1211 981 1278 δὲ
1004 1212 1048 1276 τὰ
1070 1213 1151 1293 ῖερύι
1174 1215 1236 1278 καλ
1260 1223 1322 1296 τῆς
1345 1238 1370 1276 α
1382 1259 1513 1278 .......
1533 1211 1644 1298 μένης
1665 1211 1827 1294 όρτάβης
1848 1216 1891 1294 τῇ
1914 1207 2061 1293 ἅρούρᾳ
2081 1215 2145 1290 τῆς
2166 1209 2267 1287 ἱερᾶς

573 1343 641 1416 γῆς
665 1333 727 1397 καῖ
751 1340 814 1414 τῆς
836 1330 1064 1412 ἄμπελέτιδος
1087 1331 1220 1412 ὁμοίως
1248 1331 1286 1397 δέ
1591 1333 1595 1346 ’

488 1491 538 1550 81.
582 1483 621 1549 τὸ
643 1484 820 1564 κεράμιον
840 1486 883 1563 τῇ
906 1480 1052 1566 ἀρούρᾳ
1073 1486 1122 1566 τῷ
1144 1503 1180 1545 τε
1202 1483 1285 1547 όπει
1306 1482 1369 1546 καῖ
1392 1487 1442 1566 τῷ
1462 1481 1588 1564 μνεύει
1602 1480 1724 1547 πολλὰ
1736 1478 1942 1562 ἐδωρήσατο
1965 1476 2028 1542 καῖ
2043 1483 2118 1542 τοῖς
2139 1478 2272 1540 ἄλλοις

574 1604 687 1682 ἱεροῖς
709 1600 817 1686 ζῴοις
839 1603 912 1662 τοῖς
934 1596 973 1661 ἐν
995 1598 1162 1684 αῖγύπτῳ
1181 1596 1277 1678 πολὺ
1309 1607 1479 1678 κρεῖσσον
1506 1603 1578 1664 τῶν
1606 1594 1676 1677 πρὸ
1700 1596 1812 1661 αὐτοῦ
1840 1597 2038 1679 βασιλειῶν
2060 1594 2271 1678 φροντέὸων

575 1715 664 1796 ὑπὲρ
686 1720 757 1780 τῶν
780 1714 922 1798 ἄνηκόν

493 1875 544 1936 82.
586 1866 681 1931 αύτύι
701 1868 896 1930 διαπάντος
918 1867 964 1928 τά
986 1867 1016 1928 τ’
1041 1865 1095 1929 εὶς
1116 1865 1178 1930 τὰς
1200 1866 1321 1973 ταφὰς
1343 1866 1464 1932 αύτῶν
1486 1871 1700 1952 καθήκοντα
1715 1863 1840 1930 διδούς
1853 1866 2015 1940 δαψιλῶς
2030 1863 2093 1928 καὶ
2109 1861 2271 1932 ἐνδόξως

578 1985 642 2050 καῖ
664 1983 709 2045 τὰ
729 1981 967 2065 τελισκόμενα
990 1984 1041 2045 εἰς
1062 1981 1106 2046 τὰ
1128 1984 1205 2047 ῖδια
1228 1983 1309 2062 ἱερὰ
1327 1983 1418 2065 μετὰ
1439 1988 1578 2050 θυσιῶν
1608 1984 1671 2048 καῖ
1701 1979 2023 2080 πανηγυριῶνκαῖ
2045 1985 2117 2044 τῶν
2139 1983 2272 2046 ἄλλων

578 2120 651 2165 των
673 2122 756 2181 νομι
773 2143 881 2161 ......

402 2317 405 2324 ,
495 2258 545 2322 δδ,
588 2252 689 2314 τότε
711 2250 810 2330 τίμια
830 2255 902 2313 τῶν
925 2251 1033 2328 ἱερῶν
1056 2250 1119 2314 καῖ
1141 2259 1203 2334 τῆς
1225 2250 1405 2333 αλγύπτου
1440 2255 1693 2337 διατετήρηκεν
1722 2220 1788 2317 έπλ1
1804 2249 1931 2332 χώρας
1960 2247 2177 2314 ἀκολούθως
2197 2255 2274 2312 τοῖς

579 2366 705 2449 νόμοις
728 2367 791 2430 καῖ
814 2363 853 2429 τὸ
875 2368 1017 2433 ἀπιεῖον
1039 2369 1159 2449 ἔργοις
1180 2365 1413 2433 πολυτελέσιν
1435 2369 1702 2434 κατεσκεύασεν
1715 2372 1926 2452 χορηγήσας
1937 2366 1990 2430 εὶς
2010 2361 2098 2428 αὐτὸ
2118 2367 2274 2444 χρυσέου

580 2501 617 2548 τε
643 2506 665 2549 κ
679 2531 830 2550 ........

450 2697 454 2704 .
497 2639 548 2702 34.
593 2658 637 2698 ου
672 2634 735 2698 καλ
773 2635 890 2698 λίθων
921 2638 1131 2700 πολυτελῶν
1161 2639 1301 2719 πλῆθος
1337 2635 1403 2700 ούκ
1439 2635 1568 2716 όλέγον
1601 2634 1664 2698 καῖ
1702 2634 1785 2714 ῖερὰ
1818 2634 1881 2698 καῖ
1904 2631 2018 2718 ναούς
2039 2632 2101 2698 καὶ
2125 2632 2278 2715 βωμοὺς

582 2752 756 2831 ἱδρύσατο
778 2752 879 2815 τότε
902 2753 1151 2833 προσδεόμενα
1179 2753 1368 2834 ἐπισκευῆς
1396 2752 1726 2832 προσδιωρθῶσατο
1757 2753 1851 2834 έχων
1872 2755 1960 2816 θεοῦ
1983 2749 2212 2831 εύεργετικοῦ
2236 2751 2275 2816 έν

582 2875 657 2934 τοῖς
679 2870 797 2951 ἄνηκο
812 2914 1025 2937 ..........

499 3021 550 3088 36·
592 3024 694 3085 θεῖον
716 3021 884 3082 διάνοιαν
906 3019 1277 3103 προσπυνθανόμενός
1301 3039 1338 3086 τε
1366 3019 1411 3084 τύ
1438 3026 1511 3084 τῶν
1539 3019 1666 3098 ῖερῶνὲ
1675 3019 1870 3102 τιμιώτατα
1899 2995 2101 3082 όνανεοῦτο
2132 3017 2185 3085 έπλ
2217 3028 2278 3102 τῆς

583 3135 715 3200 ἑαυτοῦ
736 3137 929 3220 βασιλείας
953 3137 1005 3200 ῶς
1025 3141 1181 3221 καθήκει
1209 3135 1351 3206 ἀνθ’ῶν
1373 3136 1578 3203 δεδώκασιν
1600 3137 1698 3225 αύτῶ
1713 3139 1747 3201 οἱ
1760 3138 1838 3204 θεοῖ
1862 3135 2004 3217 ύγῖειαν
2026 3137 2134 3218 νίκην
2146 3137 2278 3214 κράτος

585 3255 650 3318 καί
671 3258 698 3317 τ’
720 3257 794 3320 τλλλ
827 3257 928 3333 αγαθ
938 3299 1076 3316 .........
1385 3263 1387 3268 ’
1911 3257 1913 3264 ’

502 3409 554 3470 86.
596 3411 659 3484 τῆς
680 3405 871 3484 βασιλείας
890 3403 1130 3487 διαμενούσης
1152 3403 1250 3491 αύτῷ
1274 3408 1336 3471 καῖ
1359 3412 1434 3471 τοῖς
1457 3405 1593 3472 τέκνοις
1623 3409 1675 3470 εὶς
1701 3403 1765 3470 τὸν
1798 3404 1943 3470 ἅπαντα
1977 3401 2124 3487 χρόνονη
2153 3405 2277 3489 ἀγαθῇ

586 3518 679 3601 τύχῇ
703 3520 828 3590 ἔδοξεν
849 3528 923 3584 τοῖς
946 3523 1082 3600 ἱερεῦσι
1103 3523 1175 3584 τῶν
1197 3520 1292 3586 κατὰ
1312 3524 1378 3604 τὴν
1398 3522 1529 3604 χῶραν
1551 3525 1659 3603 ἱερῶν
1681 3524 1828 3590 πάντων
1849 3519 1894 3585 τύ
1914 3520 2166 3601 ύπόρχοντύτ
2172 3567 2277 3587 .......

502 3675 553 3737 δ7.
596 3672 645 3754 τῷ
668 3669 856 3754 αῖωνοβέῳ
878 3671 1025 3751 βασιλεῖ
1044 3628 1249 3759 πτολεμαῖῳ
1272 3672 1492 3761 ἠγαπημένῳ
1514 3674 1584 3744 ύπὸ
1605 3679 1669 3741 τοῦ
1693 3679 1776 3760 φθοῖ
1796 3676 1870 3758 θεῷ
1887 3669 2058 3754 ἐπιφανεῖ
2080 3671 2281 3758 εύχαρῖστφ

590 3787 722 3868 ὁμοίως
759 3785 797 3852 δὲ
833 3786 897 3850 καλ
928 3786 975 3850 δύ
1001 3793 1074 3851 τῶν
1103 3786 1241 3870 γονέων
1275 3791 1390 3858 αὐτοῦ
1421 3797 1518 3859 θεῶν
1549 3792 1809 3874 φιλοπατόρων
1830 3789 1892 3854 καὶ
1921 3788 1966 3852 τὰ
1987 3793 2060 3853 τῶν
2087 3790 2281 3869 προγόνων

589 3909 686 3968 θεῶν
716 3903 824 3985 εύεργ
840 3951 1111 3970 ..............
1477 3907 1479 3914 “

504 4059 553 4120 58.
580 4023 668 4118 ιτῶν
690 4060 786 4120 θεῶν
808 4058 984 4141 ἀδελφῶν
1006 4057 1069 4121 καῖ
1103 4057 1147 4122 τὰ
1176 4063 1249 4122 τῶν
1276 4065 1372 4125 θεῶν
1402 4067 1575 4146 σωτήρων
1603 4061 1775 4130 έπαύξειν
1797 4059 1969 4140 μεγάλως
1998 4066 2123 4141 στῆσαι
2148 4059 2188 4124 δὲ
2219 4065 2284 4124 τοῦ
2416 4103 2417 4136 ι

593 4173 794 4254 αῖωνοβίου
815 4171 996 4256 βασιλέως
1017 4176 1236 4257 πτολεμαέου
1258 4182 1347 4243 θεοῦ
1370 4178 1573 4264 έπιφανούς
1597 4177 1812 4258 εύχαριστοῦ
1829 4175 2009 4240 εῖκόναέν
2032 4175 2172 4262 ἑκάστῳ
2194 4177 2283 4264 ἱερῷ

591 4288 631 4354 έν
651 4293 701 4374 τῶ
724 4288 996 4376 ἐπιφανεστάτῳ
1018 4291 1116 4377 τόπῳ

507 4445 557 4508 89.
601 4444 1035 4526 ἣπροσονομασθήσεται
1064 4437 1282 4525 πτολεμαίου
1309 4449 1374 4510 τοῦ
1403 4443 1652 4527 έπαμύναντος
1672 4450 1716 4530 τῇ
1739 4437 1951 4530 αλγύπτῳῇ
1980 4449 2282 4530 παρεστηξεταιό
2363 4453 2367 4464 ’
2416 4429 2417 4440 ¹

471 4539 481 4560 ’
594 4554 815 4635 κυριώτατος
837 4555 920 4621 θεὸς
941 4563 1006 4622 τοῦ
1029 4561 1130 4639 ἱεροῦ
1154 4559 1278 4626 διδούς
1300 4563 1397 4649 αύτῷ
1421 4564 1537 4630 ὅπλον
1557 4560 1744 4644 νικητικόν
1767 4564 1787 4627 ὃ
1810 4563 1906 4628 ἔσται
1929 4563 2281 4646 κατεσκευασμέν....
2416 4649 2417 4656 ¹

509 4715 560 4776 40.
602 4707 738 4788 τρόπον
760 4706 823 4769 καῖ
846 4706 932 4772 τοὺς
953 4711 1061 4790 ῖερεῖς
1081 4712 1297 4792 θεραπεύειν
1325 4714 1388 4779 τὰς
1418 4714 1566 4780 εἰκόνας
1594 4713 1670 4792 τρῖς
1699 4721 1762 4795 τῆς
1790 4709 1925 4796 ἡμέρας
1954 4713 2017 4776 καὶ
2048 4713 2284 4794 παρατιθέναι

594 4824 723 4890 αὐταῖς
760 4821 859 4926 ἱερὸν
889 4823 1028 4906 κόσμον
1062 4828 1125 4894 καῖ
1159 4831 1288 4896 τίῖλλα
1320 4832 1365 4898 τὰ
1387 4833 1608 4914 νοριὸόμενα
1631 4833 1815 4896 συντελεῖν
1844 4829 1946 4898 καθὰ
1973 4832 2037 4896 καῖ
2060 4839 2134 4897 τοῖς
2156 4835 2284 4899 ἄλλοις
2416 4887 2417 4908 ,

595 4947 695 5010 θεοῖς
717 4941 755 5007 έν
769 4985 1005 5014 ............
