4898 6194
495 517 545 591 50
1292 533 1495 556 ·············

623 701 730 794 signu
753 697 814 766 illa
838 695 1001 764 mensium
1022 686 1189 762 venchoria
1213 707 1235 754 a
1259 684 1524 777 champolliouo
1543 686 1688 776 inserita
1715 713 1803 780 quae
1827 694 1880 760 vir
1903 691 2157 766 humanissimus
2181 699 2271 768 idem
2305 650 2310 663 t

495 848 597 928 atque
621 827 814 929 ingeniosius
841 829 958 896 litteris
984 826 1031 892 ud
1055 823 1225 892 medatis
1251 839 1384 892 mecum
1421 823 1692 910 communicavit,
1734 825 1801 895 liae
1835 847 1917 900 vero
1942 831 2072 898 ratione
2097 834 2274 901 constituta
2411 805 2412 836 ¹

498 985 575 1042 'esse
598 969 764 1038 videntur.
815 963 950 1031 Priame
974 956 1197 1050 tempestatis,
1224 977 1311 1045 quae
1336 977 1466 1024 menses
1490 955 1606 1045 Thot,
1633 957 1809 1052 Phaophi,
1836 961 1949 1054 Athyr
1975 971 2009 1030 et
2034 962 2172 1034 choiak
2192 985 2276 1036 cons

496 1109 597 1192 tiuet,
624 1104 756 1195 siguum
782 1096 982 1168 eucharium
1006 1093 1076 1163 hoc
1103 1099 1174 1160 est:

1285 1231 1424 1364 <le

498 1405 633 1499 Singuli
658 1413 802 1492 quatuor
826 1395 1031 1490 tempestatis
1056 1413 1186 1462 menses
1212 1397 1368 1482 numeris,
1395 1397 1453 1486 qui
1477 1419 1600 1483 unum,
1627 1398 1730 1486 duos,
1755 1407 1822 1467 tres
1849 1408 1884 1468 et
1909 1367 2063 1490 quatuor·
2076 1401 2276 1494 significant,

500 1542 546 1608 ad
570 1539 776 1630 tempestatis
802 1535 936 1626 signum
962 1530 1140 1618 adscriptis
1173 1529 1381 1618 indicantur,
1427 1531 1713 1620 quemadmodum
1750 1533 1787 1600 iu
1816 1534 1932 1602 tabula
1957 1533 1998 1602 F.
2025 1531 2105 1604 huie
2129 1515 2278 1628 paginae

499 1674 637 1768 adjecta
672 1673 801 1740 factum
826 1676 910 1746 est„
1893 1646 1897 1654 ’

628 1803 804 1874 Secundae
830 1802 1057 1893 tempestatis,
1083 1822 1170 1890 quae
1195 1818 1325 1866 meuses
1351 1797 1457 1886 Tybi,
1483 1774 1639 1886 Mechir,
1667 1799 1882 1869 Phameuoth
1908 1810 1942 1868 et
1966 1802 2169 1871 Pharmutlsi
2194 1785 2278 1872 con·

494 1943 588 2028 tinet,
619 1921 752 2030 signum
778 1935 978 2006 eucharium
1005 1933 1074 2005 hoc
1102 1944 1170 2002 est:
2069 1915 2073 1924 ’
2265 1921 2269 1928 ’

1324 2039 1443 2166 Ιλ

497 2224 689 2319 singulique
722 2242 851 2292 meuses
887 2221 1015 2314 pariter
1039 2228 1140 2310 atque
1170 2174 1442 2316 intempestate
1471 2223 1584 2315 prima
1617 2219 1850 2313 significantur
1884 2229 2029 2314 quatuor
2060 2223 2203 2328 numeris
2231 2187 2276 2290 ad

499 2359 704 2454 tempestatis
731 2358 863 2449 siguum
889 2356 1077 2446 adscriptis.

626 2494 744 2562 Tertia
770 2465 916 2580 denique⁵
940 2499 1142 2580 tempestas,
1169 2515 1256 2582 quae
1280 2467 1410 2564 menses
1434 2475 1599 2580 Paclrou,¹
1629 2490 1759 2580 Payui,
1795 2489 1929 2582 Epiphi
1953 2500 1987 2559 et
2010 2491 2140 2560 Masuri
2164 2493 2276 2562 couti-

497 2639 579 2716 net,
609 2627 679 2696 hoc
704 2626 802 2720 signo
829 2623 992 2694 euchario
1017 2621 1205 2697 iudicatur:

1328 2729 1452 2864 Υλ

499 2934 555 3005 eui
580 2932 625 2998 ad
651 2926 891 3020 significandos
917 2926 1067 3018 singulos
1092 2949 1223 2995 menses
1249 2927 1353 3000 iidem
1377 2930 1507 3000 numeri
1532 2927 1746 3020 adjiciuntur.
1798 2924 1959 2995 Omnium
1980 2933 2091 2994 autem
2115 2931 2279 2999 meusium
2415 2905 2416 2948 l

500 3068 598 3158 rigua
621 3063 688 3134 hae
719 3063 850 3130 ratione
877 3060 1016 3129 conditu
1041 3061 1076 3128 iu
1102 3063 1217 3130 tabula
1253 3063 1294 3132 F.
1332 3087 1469 3136 cernere
1508 3064 1598 3133 licet
1663 3059 1881 3151 Adpoueuda
1910 3082 1999 3131 nune
2037 3070 2113 3128 sant
2150 3063 2278 3152 aliquot

497 3201 620 3270 horum
651 3197 823 3288 signorum
849 3195 895 3288 ad
919 3217 1049 3263 meuses
1074 3197 1324 3286 pertinentium·
1342 3201 1499 3289 exempla
1523 3197 1705 3288 bilinguis,
1732 3217 1819 3284 quae
1844 3217 1923 3264 cum
1948 3194 2084 3286 adlecta
2108 3196 2276 3286 interpres

499 3337 625 3404 tutione
650 3353 776 3424 graeca
801 3332 976 3422 signorum
1001 3331 1281 3422 significationem
1307 3335 1539 3401 demonstrare
1563 3341 1665 3420 atque
1689 3329 1915 3418 comprobare
1940 3329 2105 3398 videntur.

627 3467 808 3534 Decretum
833 3465 1033 3532 Rosetteuse
1060 3466 1235 3535 conditum
1261 3479 1326 3554 est,
1367 3477 1405 3535 ut
1430 3467 1519 3534 liuea
1544 3477 1636 3534 sexta
1659 3463 1749 3532 tituli
1771 3463 1887 3554 graeci
1911 3465 2046 3553 prodit,
2074 3463 2132 3534 die
2155 3473 2275 3536 ocum

501 3603 636 3690 decimo
675 3601 796 3667 mensis
827 3598 987 3668 Maenia:

1148 3697 1280 3778 uexal'p
1317 3696 1630 3780 ὀκτωκαιδεκάτῃ,Ι

504 3821 596 3912 quod
622 3819 710 3886 linea
734 3816 845 3908 prima
870 3817 957 3886 tituli
985 3818 1137 3888 eucherii
1162 3823 1210 3888 ita
1237 3824 1406 3914 scripturn,
1428 3820 1596 3888 cernitur:

1172 3973 1255 4093 'ti
1282 3989 1432 4093 m
1460 3983 1601 4098 A&

1238 4207 1312 4242 xt111
1488 4189 1597 4240 mechir

505 4293 613 4361 Linea
637 4291 892 4383 quadragesima
927 4302 1018 4361 serta
1051 4314 1133 4362 vero
1165 4296 1254 4364 tituli
1278 4297 1488 4364 Rosetteusis
1523 4297 1638 4387 graeci
1673 4298 1840 4388 declarat,
1882 4295 1973 4364 diem
2006 4295 2153 4362 natalem
2188 4297 2278 4390 regis

503 4428 560 4516 agi
585 4425 752 4494 tricesimo
777 4426 834 4494 die
860 4429 980 4494 mensis
1007 4427 1151 4496 Masuri:

969 4599 972 4612 ·
1070 4560 1136 4640 τὴν
1156 4558 1343 4638 τριακάδα
1365 4557 1494 4622 τούτου
1512 4563 1671 4642 aucupi,-

501 4700 595 4768 quac
614 4679 718 4746 verba
742 4677 833 4747 linea
857 4680 1013 4752 'vicesima
1039 4683 1182 4775 septima
1206 4681 1295 4748 tituli
1323 4681 1477 4770 eucherii
1501 4681 1549 4750 ita
1574 4693 1824 4775 repraesentata
1851 4693 1949 4752 sunt:

1218 4813 1497 4995 strowi
