4898 6194
1020 540 1224 562 --··
1967 512 2017 586 53

231 701 374 770 tuerent
426 697 630 789 Adscriptu's
656 696 796 787 quidem
821 697 871 765 es't
895 693 1131 786 qnoqu'e'dies'
1157 695 1194 762 in
1209 691 1424 788 ‘syngraphis
1451 703 1485 763 et
1508 697 1545 768 in
1569 677 1797 768 exactionibus
1823 683 2016 792 vectigalis}

231 834 293 903 aed
318 835 392 902 dies
419 832 572 902 emtionis
596 832 719 918 iactae,
746 831 842 926 cujus
867 853 1024 902 numerus
1049 832 1085 899 in
1110 830 1311 924 syngrapha
1335 829 1478 922 legitur,
1529 834 1678 901 diversus
1705 842 1756 901 est
1781 857 1802 900 a
1827 835 1883 902 die
1909 836 2017 904 recti-

230 968 319 1062 galis
358 967 477 1056 soluti,
520 967 615 1062 cnjus
650 989 805 1036 numerus
840 968 876 1034 in
908 967 1083 1036 exactione
1106 965 1284 1058 vectigalis
1308 987 1435 1056 graeca
1461 966 1605 1056 scriptus
1631 969 1788 1036 cernitur.
1841 970 2017 1053 Quemad-

228 1103 369 1170 modum
394 1104 430 1170 in
454 1125 591 1195 papyro
616 1103 831 1174 Berolinensi
855 1102 1023 1174 tricesimo
1056 1107 1150 1168 sexto
1186 1101 1260 1168 dies
1296 1099 1450 1170 emtionis
1485 1100 1597 1172 factae
1623 1112 1673 1174 est
1699 1067 1837 1174 octavus
1866 1099 2037 1174 decimus

227 1237 350 1320 mensis
383 1235 515 1328 Athyr:

922 1373 1324 1538 tmolus

1008 1591 1040 1644 18
1186 1587 1269 1656 athyr

230 1711 302 1779 dies
323 1709 501 1801 vectigalis
532 1709 634 1778 soluti
657 1731 760 1797 vero,
793 1711 852 1800 qui
879 1712 914 1778 in
932 1713 1107 1782 exactione
1118 1711 1294 1804 vectigalis
1312 1709 1457 1802 scriptus
1478 1716 1539 1794 est,
1564 1729 1671 1776 nonus
1686 1709 1808 1776 mensis
1827 1709 1977 1781 Ohoiah:

1018 1855 1130 1940 χοιὰχ
1165 1859 1200 1922 91

227 1973 369 2080 Quare
393 1997 442 2082 iit,
468 2004 506 2062 nt
531 1998 589 2084 qui
615 1996 747 2064 dierum
772 1999 900 2066 nurneri
916 1999 951 2064 in
977 1997 1206 2066 exactionibus
1225 1994 1403 2088 vectigalis
1423 1995 1554 2088 graecis
1580 1995 1697 2087 scripti
1713 1998 1937 2085 reperiuntur,
1966 1997 2011 2064 ad

227 2129 447 2220 explicandos
472 2151 629 2198 numeros
654 2101 785 2198 dierum
811 2131 1001 2217 eucharim,
1029 2133 1087 2221 qui
1112 2133 1148 2198 in
1165 2128 1372 2222 syngraphis
1388 2129 1558 2222 legantur,
1583 2129 1679 2197 haud
1703 2131 1846 2201 multum
1872 2131 2009 2202 faciant.

225 2263 426 2332 Accedebat
450 2263 519 2334 hoc
544 2263 767 2350 difficultatis,
794 2265 889 2353 quod
913 2288 999 2355 qnae
1025 2265 1158 2332 dierum
1178 2283 1333 2331 numeros
1354 2263 1584 2356 significarent
1609 2273 1709 2332 notae
1734 2264 1916 2333 enchoriae
1940 2266 2009 2332 alia

228 2397 360 2464 ratione
385 2407 604 2489 comparatae
629 2421 700 2466 esse
724 2399 937 2484 riderentur,
977 2421 1079 2486 quam
1116 2419 1202 2486 qnae
1236 2418 1341 2464 annos
1366 2397 1516 2487 aliasque
1544 2421 1597 2466 res
1621 2407 1845 2466 numerarent.
1899 2400 2010 2484 Quam

226 2531 372 2598 obrem
398 2539 658 2624 peropportune
684 2533 831 2620 accidit,
876 2540 914 2600 nt
939 2551 1039 2600 armo·
1054 2549 1255 2598 uncccmv
1289 2497 1572 2620 champoliicnns
1599 2534 1751 2623 picturas
1786 2533 1950 2622 quasdam
1976 2543 2010 2601 et

226 2663 476 2756 designationes
502 2687 543 2732 ex
567 2667 731 2760 Aegypto
757 2668 872 2734 missas
897 2666 1077 2755 acciperet,
1105 2664 1225 2753 quibus
1244 2663 1379 2756 adjutus
1399 2664 1562 2756 plurimas
1580 2685 1797 2733 numerorum
1822 2677 1920 2734 notas
1947 2690 2008 2735 en-

224 2795 359 2865 choriae
385 2807 419 2866 et
442 2798 624 2870 hieraticas
648 2802 797 2869 invenire
822 2801 968 2889 virisque
984 2799 1095 2870 doctis
1112 2799 1262 2870 indicare
1277 2799 1400 2892 potuit
1452 2799 1506 2867 De
1523 2820 1591 2888 quo
1609 2801 1747 2868 invento
1765 2805 1877 2893 primo
1904 2803 2008 2870 verba

223 2931 340 3000 fecit
329 2955 365 3000 m
389 2933 500 3001 libro.
551 2933 706 3004 Bulletin
729 2933 911 3012 unirerseh
948 2934 1159 3020 Decembre,
1188 2921 1304 3014 182'43
1345 2943 1384 3000 ut
1420 2955 1522 3025 supra
1553 2956 1636 3026 pag.
1664 2933 1725 3004 49.
1755 2933 1846 3014 dixi3
1884 2935 2009 3003 deinde

223 3067 359 3133 etiam
348 3089 385 3134 ιιι
411 3069 477 3135 alia
503 3045 656 3161 ejusdem
680 3069 759 3137 libri
783 3077 900 3159 parte,
934 3067 1086 3136 Bulletin
1110 3065 1292 3144 universe13
1333 3065 1418 3150 Mai,
1449 3063 1558 3136 1825
1593 3087 1661 3154 quo
1697 3066 1777 3134 loco
1808 3067 1862 3134 his
1896 3069 2007 3136 verbis

226 3203 349 3270 utitur:
393 3203 455 3272 Αιι
480 3204 596 3272 milico
620 3205 681 3302 des
706 3168 975 3294 inappreciables
1001 3200 1162 3270 richesses
1190 3198 1494 3290 archaeologiquea
1520 3195 1654 3268 rdunies
1686 3200 1771 3270 dans
1795 3201 1830 3270 la
1855 3201 1935 3270 ville
1960 3201 2007 3270 de

223 3335 333 3426 Tutin
348 3359 412 3427 por
433 3339 468 3406 la
483 3336 689 3406 memorabis
705 3337 929 3407 munificence
947 3336 1042 3404 deS.
1065 3336 1117 3404 Μ.
1135 3335 1169 3402 le
1184 3333 1237 3401 roi
1255 3334 1299 3402 de
1321 3333 1522 3440 Sardaigne,
1546 3334 1598 3403 M
1617 3333 1858 3424 Champoliion
1872 3337 2007 3428 signata

222 3471 479 3560 publiqnement
506 3471 526 3540 d
553 3467 735 3562 l'Enrope,
762 3471 822 3540 dis
840 3473 875 3539 le
899 3472 985 3539 mois
1007 3466 1185 3540 d'octobre
1207 3468 1324 3556 1824,
1361 3468 1410 3537 les
1435 3469 1623 3538 nombreux
1646 3471 1841 3540 manuscrits
1865 3469 2005 3540 histori-

224 3625 307 3695 ¹ques
332 3602 413 3694 qu'il
440 3607 531 3672 avoit
553 3627 720 3690 reconnus
745 3607 778 3674 le
803 3607 968 3696 premier,
1005 3611 1039 3672 et
1066 3603 1180 3672 donna
1214 3602 1274 3672 des
1311 3624 1352 3672 ce
1388 3613 1541 3674 moment
1566 3605 1766 3674 uncertain
1790 3603 1932 3671 nombre
1957 3603 2003 3672 de

223 3735 317 3806 dates
343 3737 548 3828 historiques
573 3739 670 3808 tire'es
697 3741 756 3808 des
783 3739 921 3809 chiffrer
948 3739 992 3806 de
1010 3760 1067 3808 ces
1085 3739 1292 3805 manuscrits.
1345 3737 1376 3804 11
1401 3733 1561 3834 s'occnpa
1583 3737 1745 3808 des-lora
1771 3738 1791 3806 1
1816 3735 2005 3828 compidter

223 3869 259 3938 le
282 3871 421 3940 tableau
443 3873 505 3940 des
531 3871 670 3943 chiffres
694 3871 898 3962 hieratiqnes
925 3881 960 3941 et
984 3869 1212 3960 dimotiques3
1253 3879 1287 3940 et
1322 3872 1382 3938 des
1418 3873 1545 3944 dessins
1581 3865 1661 3960 qu'ii
1696 3878 1790 3962 recut
1825 3893 1868 3938 en
1894 3871 2003 3942 minse

220 4011 344 4096 temps,
369 4027 435 4096 par
458 4028 505 4073 nn
527 4005 678 4075 heureur
691 4007 827 4094 hasard,
853 4007 898 4074 de
912 4006 965 4074 Μ.
985 4001 1186 4093 d'Anastasy
1205 4013 1239 4072 et
1257 4004 1303 4073 de
1320 4005 1370 4074 Μ.
1388 4004 1471 4084 sals,
1498 4004 1631 4076 consuls
1646 4003 1691 4075 de
1716 4003 1827 4082 Ειιὲιίι
1842 4014 1878 4074 et
1895 4001 2003 4076 ι1Ἀιι

219 4141 369 4232 gleterre
394 4161 440 4206 en
462 4141 624 4234 Egypte,
649 4141 698 4208 lui
723 4150 824 4232 ayant
848 4140 963 4208 fonrui
987 4141 1036 4208 les
1062 4133 1207 4210 sternens
1233 4139 1291 4228 qui
1315 4139 1520 4244 pcuvoient
1526 4139 1576 4206 lui
1599 4159 1789 4227 manquer,
1820 4139 1848 4212 il
1876 4140 1928 4210 fut
1958 4165 2002 4213 en
2106 4161 2110 4170 ’

221 4269 311 4360 citat,
339 4272 398 4342 dds
422 4275 456 4340 le
474 4277 560 4343 mois
578 4276 624 4343 de
640 4278 832 4346 Novembre
851 4276 969 4360 1824,
996 4275 1043 4344 de
1061 4241 1236 4365 presenter
1259 4293 1303 4345 au
1326 4273 1453 4343 monde
1488 4283 1605 4350 suvant
1628 4274 1663 4342 le
1688 4273 1826 4345 tableau
1851 4277 2001 4368 complet
2087 4307 2090 4315 ι

219 4407 281 4476 des
307 4405 448 4517 cin'ffres
473 4419 506 4476 et
531 4409 578 4478 du
604 4410 747 4498 systbme
772 4407 968 4498 numerique
993 4409 1056 4478 des
1081 4406 1313 4512 Egyptians3
1320 4407 1346 4473 il
1370 4403 1525 4498 l'enroyn
1550 4408 1595 4482 de
1615 4407 1730 4476 Tulin·
1752 4409 1772 4477 1
1796 4409 1892 4478 Paris
1918 4433 2000 4482 arec

219 4563 258 4611 sa
274 4542 374 4610 lettre
393 4511 442 4610 du
461 4543 510 4634 28
523 4511 578 4612 alu
600 4543 709 4617 mdme
722 4544 809 4616 mois
825 4544 873 4612 de
883 4544 1087 4616 Novembre.
1140 4541 1190 4610 ce
1214 4542 1334 4609 travail
1359 4542 1412 4610 fut
1436 4542 1671 4632 communique
1697 4544 1758 4614 des
1784 4568 1846 4619 son
1872 4544 2000 4618 anives

216 4677 253 4744 1
250 4677 361 4768 vingt
385 4677 551 4746 membres
576 4678 622 4746 de
645 4673 810 4764 l’hntitut,
836 4685 870 4746 et
895 4677 915 4745 d
939 4686 1049 4752 tontes
1074 4677 1125 4744 les
1149 4697 1334 4783 personnes
1359 4698 1418 4765 qur
1407 4677 1613 4750 'roulanent
1637 4678 1672 4746 le
1689 4681 1781 4758 roir;
1807 4680 1832 4746 il
1857 4681 1910 4748 fut
1934 4701 1996 4762 an

218 4808 330 4914 ponci
355 4811 606 4882 teutuellemout
631 4812 715 4882 dans
740 4812 774 4880 le
799 4811 965 4898 Bulletin,
999 4811 1115 4882 cahier
1141 4811 1186 4879 de
1209 4810 1422 4897 Decembre,
1448 4833 1522 4880 nro.
1549 4814 1640 4916 822,
1680 4821 1715 4880 et
1738 4813 1760 4880 1
1781 4833 1818 4879 sa
1843 4811 1924 4880 ‹hte
1948 4815 1997 4887 du

217 4943 273 5032 28
298 4947 499 5035 Noyemhre.
516 4947 649 5034 Quae
688 4949 841 5043 exposuit
866 4947 1147 5039 champollioaus
1171 4969 1348 5022 censuram
1383 4947 1511 5022 faciens
1548 4948 1595 5024 de
1631 4946 1719 5026 libro
1756 4947 1804 5016 St.
1831 4946 1995 5037 Quintini,
