4898 6194
494 565 546 638 20
961 641 969 648 ,
1289 561 1491 638 ’*-.-.-··

496 749 535 836 ln
560 685 728 836 scriptura
751 741 916 811 hieratica
938 741 1046 832 paulo
1070 741 1185 810 rudius
1213 752 1347 812 exarata
1372 743 1493 814 eadem
1518 754 1738 836 comparent,
1774 753 1812 814 nt
1838 745 1874 814 in
1898 767 2037 838 papyro
2062 745 2273 846 Taurinensi,

497 883 564 952 loo·
591 881 647 950 cit.
673 903 755 972 pag.
784 878 843 948 61.
870 874 1019 966 planche
1045 876 1087 944 X.
1114 897 1187 945 nro.
1219 879 1288 947 11:
1396 981 1399 992 Ι

700 1053 861 1281 mg·
940 1107 1042 1276 4
1366 1108 1610 1203 suffocer8
1640 1111 1819 1204 coruli·

494 1374 676 1462 Reperitur
699 1392 817 1440 verum
843 1369 944 1436 etiam
967 1365 1172 1436 vocabulum
1197 1365 1376 1456 integrum,
1403 1363 1498 1451 quod
1524 1384 1628 1453 snpra
1653 1373 1938 1454 repraesentatum
1963 1373 2022 1450 est,
2049 1321 2128 1434 cum
2151 1363 2267 1434 hiern-

494 1473 721 1598 glyphicnm,
747 1513 821 1572 tnm
844 1503 1061 1586 hieraticnm,
1097 1521 1174 1568 cum
1199 1497 1347 1588 imagine
1370 1497 1446 1586 apis
1472 1497 1708 1588 oonjrhctnm3
1734 1496 1802 1566 loc.
1829 1498 1884 1566 cit
1910 1498 1960 1589 pl
1987 1499 2079 1568 vul.
2105 1499 2167 1566 bis.
2193 1521 2265 1567 nro.

351 1645 356 1656 '
494 1638 538 1704 l).
565 1647 599 1704 ct
622 1639 671 1728 pl
699 1639 758 1706 lX.
784 1659 857 1704 nro.
888 1636 944 1706 13.
996 1635 1089 1722 Quas
1115 1632 1221 1698 varias
1246 1629 1334 1698 illins
1360 1627 1519 1697 vocabuli
1542 1629 1669 1698 formas
1700 1629 1980 1722 hieroglyphicas
2012 1652 2054 1701 ac
2078 1632 2266 1720 hieratioas,

493 1781 563 1840 tarn
586 1771 677 1840 nude
702 1773 855 1862 scriptas,
882 1791 983 1860 quam
1008 1769 1109 1836 etiam
1135 1787 1213 1836 cum
1236 1764 1385 1856 imagine
1408 1763 1483 1854 apis
1508 1763 1726 1856 conjunctas,
1752 1765 1842 1833 infra
1866 1767 1901 1834 in
1927 1765 2042 1833 tabula
2067 1788 2264 1857 repraesen-

430 1893 436 1900 ’
491 1913 577 1973 tatas
603 1905 772 1999 adjiciam.
1389 1976 1395 1989 ,

588 2039 734 2107 Litteras
761 2034 939 2107 enchoriae
963 2035 1036 2104 iere
1060 2031 1286 2124 quadraginta
1311 2051 1414 2121 snpra
1438 2031 1642 2119 recensitas,
1678 2053 1820 2122 quarum
1846 2033 2028 2124 explicatio
2055 2035 2264 2131 gratioribus

486 2174 694 2266 argumentis
718 2171 946 2262 exemplisque
971 2167 1170 2238 clarioribus
1196 2165 1259 2232 niti
1284 2164 1429 2252 ridetm,
1453 2165 1490 2230 in
1515 2164 1633 2233 tabula
1658 2167 1700 2234 A.
1726 2149 1815 2237 huic¹
1833 2169 1982 2258 paginae
2008 2147 2143 2260 adjecta
2168 2169 2263 2237 simul
2379 2157 2384 2168 ⁴

487 2305 789 2398 repraesentandae
813 2305 952 2391 curavi,
984 2309 1022 2370 nt
1045 2321 1113 2369 uno
1139 2301 1175 2367 in
1201 2305 1389 2390 conspectu
1412 2297 1557 2368 lectores
1583 2321 1641 2370 eu
1663 2301 1870 2392 perlustrare
1894 2303 2036 2392 possint
2088 2305 2185 2389 Quae
2208 2303 2266 2370 lit-

460 2447 633 2506 „terarum
657 2440 788 2506 formae
811 2447 925 2506 tamen
951 2435 1092 2528 singulis
1116 2433 1153 2500 in
1175 2433 1319 2524 papyris
1342 2433 1483 2522 paulum
1507 2433 1654 2500 variatae
1678 2434 1903 2524 reperiuntur,
1930 2437 2037 2506 modo
2062 2438 2097 2506 in
2121 2439 2262 2532 longum
2406 2431 2412 2450 ’

485 2579 698 2663 protractae,
724 2573 830 2639 modo
855 2571 1257 2668 constrictiusexaratae,
1282 2567 1388 2636 modo
1414 2569 1582 2653 curatius,
1609 2568 1715 2637 modo
1740 2570 1966 2661 negligentius
1993 2572 2149 2662 scriptae.
2190 2573 2261 2640 Va-

486 2707 554 2774 rios
580 2707 766 2775 litterarum
791 2703 1028 2776 euchoriamrn
1054 2673 1296 2770 exarandirum
1326 2699 1448 2782 modos
1475 2723 1516 2768 ex
1540 2703 1751 2792 papyrorum
1775 2691 2043 2772 Beroliuensium
2068 2703 2268 2774 octodecim

486 2839 651 2927 exordiis,
679 2861 765 2930 quae
789 2839 826 2905 in
849 2839 973 2906 tabulis
997 2837 1057 2905 IX.
1083 2837 1128 2903 X.
1154 2845 1189 2902 et
1212 2837 1272 2904 xt.
1298 2843 1548 2924 repraesentata
1572 2835 1653 2905 huic
1678 2836 1795 2902 libello
1823 2835 1952 2929 adjeci,
1984 2859 2193 2932 cognoscere
2218 2837 2262 2904 li-

482 2981 556 3054 cet3
580 2973 640 3040 ubi
664 2975 700 3040 in
723 2994 859 3068 papyro
885 2971 1145 3065 quadragesimo
1171 2980 1292 3060 quarto
1317 2964 1447 3037 litterae
1472 2970 1579 3038 multo
1605 2969 1819 3039 rotundiores
1844 2971 2020 3064 magisque
2045 2994 2259 3064 compressae

482 3118 668 3199 apparent,
693 3109 729 3176 in
752 3129 890 3202 papyro
918 3107 1178 3201 quadragesimo
1215 3105 1315 3174 tertio
1339 3127 1422 3174 vero
1448 3105 1613 3174 rudiores.
1665 3109 1918 3198 Nonnunquam
1940 3109 2040 3198 etiam
2055 3107 2174 3177 litteris
2200 3131 2260 3176 en-

479 3239 604 3311 choriis
629 3243 838 3310 intermixtae
863 3263 935 3310 esse
960 3243 1116 3310 videntur
1149 3241 1354 3320 hieraticae3
1391 3241 1504 3329 quod,
1541 3263 1610 3328 qno
1644 3242 1756 3331 major
1788 3244 1876 3310 inter
1901 3245 2023 3312 multas
2047 3243 2174 3310 litteras
2200 3266 2261 3310 en-

480 3374 615 3444 choriae
641 3385 675 3442 et
707 3375 886 3444 hieraticas
920 3373 1099 3441 intercedit
1124 3373 1329 3456 similitudo,
1365 3392 1406 3438 eo
1431 3349 1574 3438 ¹facilius
1599 3371 1674 3436 fieri
1697 3373 1819 3458 potuit.
1841 3399 1845 3414 ·
1871 3373 1911 3438 ln
1936 3391 2073 3460 papyro
2098 3373 2260 3444 enchoria

478 3502 645 3575 Vaticano
671 3505 876 3578 duodecimo
896 3507 941 3574 A.
966 3525 1091 3576 nomen
1115 3504 1206 3594 regis
1233 3511 1348 3590 exstat,
1376 3500 1471 3595 quod
1483 3499 1689 3572 Psametichi
1712 3523 1784 3569 esse
1803 3501 1951 3596 conjecit
1967 3503 2258 3596 champollionus,

474 3642 523 3708 ita
549 3647 721 3710 exaratum
745 3639 782 3710 iu
805 3637 915 3708 libro:
940 3639 1007 3706 Die
1031 3611 1290 3732 Aegyptischeo
1315 3636 1470 3729 Papyrus
1497 3635 1559 3706 der'
1584 3636 1836 3708 raticaoischen
1859 3637 2075 3720 Bibliothclr3
2091 3663 2160 3708 aus
2177 3641 2257 3710 dem

475 3759 732 3848 ltaliaenischen
765 3773 825 3840 des
859 3771 996 3866 Angelo
1029 3771 1121 3858 Mai,
1166 3791 1234 3840 ron
1266 3771 1415 3866 Lndwig
1452 3771 1673 3853 Bachmann3
1717 3772 1876 3874 Leipzig.
1911 3771 2034 3856 18273
2068 3799 2150 3878 pag.
2190 3773 2251 3850 25,

477 3907 545 3986 iub.
569 3907 607 3982 ,3.
633 3931 707 3984 uro.
733 3909 804 3978 232

684 4039 1017 4200 “fii-307
1412 4098 1450 4145 η·
1474 4113 1493 4130 ·
1513 4039 1719 4170 cauti*

472 4241 571 4330 Quae
592 4244 665 4316 hoc
689 4242 770 4314 loco
794 4244 943 4317 comitur
967 4245 1234 4318 remanseran
1254 4268 1302 4338 p,
1320 4246 1471 4316 maxime
1495 4244 1683 4336 scripturae
1703 4245 1890 4316 hieraticae
1914 4246 2142 4339 proprisset,
2166 4267 2251 4348 ean-

471 4377 639 4466 demque,
670 4397 750 4448 onm
774 4377 920 4466 nudam
951 4389 1025 4454 tum
1056 4381 1181 4450 hneola
1206 4389 1359 4468 auctam,
1401 4377 1688 4471 deprehendimus
1726 4380 1762 4449 in
1795 4381 1932 4450 nomine
1956 4379 2121 4450 hieratico
2156 4382 2248 4476 regie

472 4511 729 4602 Amenoltepis,
754 4511 793 4578 id
818 4521 885 4582 est:
923 4516 967 4588 ab
992 4517 1127 4584 Amone
1149 4515 1309 4606 probati,
1341 4514 1437 4606 quod
1477 4512 1603 4586 Graeci
1635 4513 1843 4604 scripserunt
1873 4506 2119 4598 ἆμενῶφθηές
2152 4515 2246 4606 quod
2347 4554 2353 4566 ·

471 4669 597 4715 nornen
620 4648 656 4712 in
675 4666 811 4736 papyro
830 4646 1047 4736 Tamicensi,
1074 4645 1316 4742 champollion
1341 4649 1490 4721 seconde
1510 4649 1626 4737 lettre,
1658 4647 1708 4738 pl
1739 4647 1831 4716 Vlli.
1851 4671 1932 4718 nro.·
1950 4647 1987 4746 Ι4.
2013 4646 2174 4728 heroice
2195 4651 2241 4720 its

471 4789 643 4854 moratum
656 4787 724 4850 eat:

645 4911 1111 5120 siduitas
1145 4958 1199 5078 3
1250 4903 1255 4916 ’
1291 5053 1298 5064 ,
1420 4973 1462 5028 ω
1486 4987 1505 5002 -
1531 4950 1770 5050 amasti*
