4898 6194
1903 565 2069 640 65*

165 754 220 818 41.
262 747 462 832 νηγύρεσιν
497 743 724 826 ἱδρύσασθαι
767 741 807 812 δέ
845 745 994 828 βασιλεῖ
1029 741 1238 831 πιολεμαίφ
1277 744 1351 829 θεῷ
1390 739 1562 824 ἐπιφανεῖ
1592 743 1796 832 εὐχαρίστῳ
1830 749 1881 832 τῷ
1915 746 1956 830 λγ

248 864 432 952 βασιλέως
449 863 671 946 πτολεμαίου
694 861 759 928 καί
790 863 1007 946 βασιλίσσης
1055 861 1231 945 άρσινόης
1258 865 1355 929 θεῶν
1387 857 1649 946 φιλοπατέριυν
1674 863 1816 934 ξόανόν
1833 883 1869 929 τε
1890 863 1954 930 καί

250 981 346 1048 ναὸν
378 1002 633 1062 χρ.............

166 1141 221 1202 42.
266 1135 377 1214 Ξεριῦν
398 1131 463 1197 καί
486 1134 709 1212 καθιδρῦσαι
730 1129 770 1196 ἐν
790 1136 866 1196 τοῖς
888 1129 1035 1196 ἀδύτοις
1053 1130 1144 1214 μετὰ
1164 1133 1236 1194 τῶν
1259 1131 1390 1194 τίλλειν
1409 1137 1513 1196 ναῶν
1527 1129 1591 1195 καί
1614 1128 1654 1195 έν
1674 1137 1754 1195 ταῖς
1772 1131 1953 1214 μεγάλαις
2087 1165 2091 1176 ·

255 1250 505 1336 πανηγύρεσιν
527 1247 566 1312 έν
587 1243 649 1312 αίς
670 1248 829 1321 ίόοδεῖαι
850 1253 923 1313 τῶν
944 1253 1048 1314 ναῦν
1060 1246 1224 1328 γίνονται
1243 1247 1306 1314 καὶ
1322 1245 1387 1314 τὸν
1406 1253 1472 1313 τοῦ
1492 1253 1582 1316 θεοῦ
1605 1245 1808 1332 ἐπιφανοῦς
1830 1249 1953 1324 εύ....,

164 1409 219 1472 43.
262 1399 429 1474 ξοδεύειν
452 1400 550 1464 ὅπως
571 1399 604 1462 δ’
626 1397 826 1486 εῦσημοςη*
853 1403 924 1468 νῦν
952 1398 1070 1464 τεκαὶ
1095 1400 1147 1462 είς
1178 1395 1242 1464 τδν
1263 1399 1382 1466 ίπειτα
1407 1398 1546 1480 χρόνον
1568 1396 1768 1466 έπίκεισθαι
1799 1401 1850 1484 τῷ
1871 1399 1952 1486 ναῷ

252 1517 316 1582 τάς
336 1519 401 1580 τοῦ
423 1514 605 1599 βασιλέως
625 1522 767 1596 χρυσᾶς
787 1517 980 1600 βασιλείας
1001 1513 1091 1580 δέκα
1113 1510 1174 1579 αίς
1194 1517 1446 1596 προσκείσεται
1468 1517 1576 1583 ἀσπίς
1589 1560 1764 1585 .........
1849 1541 1855 1553 ¹

165 1675 219 1738 44.
261 1671 333 1734 τῶν
354 1668 596 1732 άσιτιδοειδῶν
617 1669 816 1750 βασιλειῶν
837 1672 910 1732 τῶν
931 1666 986 1733 ἐπί
1016 1671 1088 1733 τῶν
1116 1670 1245 1732 ἄλλων
1273 1671 1377 1732 ναῶν
1398 1669 1496 1735 ἔσται
1525 1671 1555 1732 δ’
1578 1666 1700 1732 αὐτῶν
1721 1666 1762 1732 ἐν
1782 1671 1832 1752 τῷ
1851 1666 1951 1755 μέσφ

253 1789 277 1871 ἡ
301 1781 511 1866 καλουμένη
534 1784 709 1865 βασιλεία
728 1781 837 1864 ρχέντ
859 1787 906 1866 ἢν
927 1781 1158 1868 περιθέμενος
1182 1785 1354 1866 είσῆλθεν
1376 1786 1429 1848 είς
1448 1781 1488 1847 τδ
1519 1783 1558 1850 έν
1576 1781 1679 1867 μέμφ
1692 1830 1825 1854 .......

167 1941 220 2008 45.
262 1940 414 2020 τελεσθῇ
438 1933 482 2000 τὰ
503 1936 725 2016 νομιὲσμενα
745 1940 788 2018 τῇ
810 1937 1022 2020 παρειλήφει
1048 1943 1110 2017 τῆς
1137 1935 1329 2019 βασιλείας
1358 1935 1533 2002 ἐπιθεῖναι
1556 1934 1596 2002 δέ
1617 1935 1681 2000 καί
1704 1934 1760 2002 έπί
1782 1937 1848 2000 τοῦ
1869 1935 1951 2015 περί

252 2055 315 2120 τάς
337 2051 528 2137 βασιλείας
548 2048 781 2132 τετραγώνου
801 2047 956 2116 κατὰτὸ
978 2049 1238 2135 προειρημένον
1265 2053 1457 2135 βασίλειον
1479 2056 1719 2138 φυλακτήρια
1738 2072 1910 2132 χρ

167 2213 220 2276 46.
264 2203 413 2271 τιιέστιν
433 2209 499 2270 τοῦ
519 2197 700 2290 βασιλέως
719 2205 785 2266 τοῦ
808 2201 969 2286 ἐπιφανῆ
991 2207 1209 2288 ποιησαντος
1241 2209 1307 2289 τήν
1335 2221 1371 2268 τε
1400 2206 1480 2268 τίνω
1508 2201 1639 2284 χώραν
1667 2201 1731 2268 καί
1759 2204 1825 2286 τὴν
1853 2203 1955 2270 κάτω

245 2321 308 2388 καὶ
332 2321 406 2388 ἐπεὶ
428 2323 493 2404 τὴν
513 2319 697 2401 τριακάδα
710 2319 840 2385 τούτου
861 2321 996 2402 μεσορὴ
1019 2319 1059 2386 ἐν
1081 2313 1103 2406 ᾖ
1123 2320 1169 2383 τὰ
1188 2318 1361 2402 γενέθλια
1381 2325 1457 2385 τοῦ1
1469 2317 1651 2404 βασιλέως
1672 2322 1798 2402 ἄγεται
1821 2319 1953 2402 δμοίως

254 2439 293 2505 δέ
316 2437 382 2503 καί
405 2481 604 2504 ............

168 2596 223 2656 47.
266 2587 307 2654 ἐν
327 2582 349 2672 ᾗ
370 2585 579 2670 παρέλαβεν
593 2587 659 2670 τὴν
670 2588 865 2670 βασιλείαν
879 2584 978 2666 παρύ
991 2590 1056 2652 τοῦ
1070 2583 1204 2668 πατρός
1217 2585 1431 2670 έπευιάμους
1445 2587 1685 2670 νενομίκασιν
1699 2585 1828 2652 ἐντοῖς
1842 2587 1953 2666 ίεροῖς

256 2707 297 2770 a?
310 2707 354 2788 δὴ
364 2707 514 2771 πολλῶν
528 2703 683 2782 ἀγαθῶν
695 2702 853 2784 άρχηγοέ
867 2708 979 2768 πᾶσιν
994 2705 1087 2769 είσέν
1102 2707 1208 2788 ἄγειν
1221 2705 1284 2770 τάς
1299 2702 1435 2788 ἡμέρας
1453 2705 1590 2770 ταύτας
1608 2701 1690 2786 έορτ
1702 2750 1896 2772 .........

170 2861 222 2924 48.
264 2877 401 2938 γυπτον
423 2857 534 2934 ἱεροῖς
552 2853 647 2918 κατά
664 2861 769 2936 μῆνα
788 2853 854 2918 καί
877 2859 1062 2919 συντελεῖν
1084 2853 1126 2920 ἐν
1145 2854 1268 2920 αύτοές
1289 2856 1422 2922 θυσίας
1449 2856 1513 2921 καί
1539 2855 1697 2922 σπονδάς
1716 2857 1780 2922 καί
1802 2859 1835 2920 τ’
1850 2859 1952 2922 ἄλλα

256 2972 299 3038 τά
320 2969 545 3054 νομιὸέμενα
566 2969 667 3036 καθά
688 2969 753 3034 καὶ
774 2967 815 3034 έν
834 2975 914 3033 ταῖς
935 2973 1070 3036 ἄλλαις
1090 2972 1341 3054 πανηγύρεσιν
1361 2974 1427 3038 τάς
1447 2991 1483 3038 τε
1504 2971 1700 3056 γινομένας
1727 2979 1825 3054 προθ
1833 3017 1928 3041 .....

167 3130 218 3192 49.
259 3119 471 3206 ρεχομένοις
492 3117 531 3184 ἐν
550 3125 624 3185 τοῖς
640 3121 751 3199 ίεροῐς
765 3121 871 3201 ἄγειν
884 3117 922 3186 δέ
942 3117 1069 3204 έοριὴν
1085 3119 1149 3184 καί
1168 3125 1377 3204 πανήγυριν
1387 3125 1438 3207 τῷ
1450 3122 1639 3209 αίωνοβίηι
1653 3121 1715 3188 καί
1732 3119 1955 3208 ἠγαπημένῳ

252 3237 323 3307 ῦπδ
347 3241 413 3304 τοῦ
438 3243 521 3322 φθᾶ
545 3239 691 3320 βασιλεῖ
711 3236 917 3324 πτολεμαίιμ
938 3239 1016 3324 θεῷ
1038 3235 1209 3322 ἐπιφανεῖ
1232 3237 1434 3326 εὐχαρίστῳ
1455 3237 1692 3305 κατενιαυτδν
1714 3239 1809 3304 κατὰ
1828 3245 1953 3306 πᾶσαν

259 3359 364 3441 τὴν..

957 3433 975 3466 ε

169 3509 219 3576 50.
263 3505 394 3587 χώραν
406 3503 477 3574 άπὸ
493 3513 556 3592 τῆς
566 3505 767 3588 νουμηνίας
782 3510 848 3572 τοῦ
863 3503 971 3574 θωύθ
988 3504 1047 3594 ἐφ’
1064 3503 1198 3592 ἡμέρας
1209 3503 1310 3574 πέντε
1332 3504 1373 3572 έν
1388 3501 1451 3572 αίς
1471 3507 1535 3576 καί
1559 3515 1954 3596 στεφανηφορησουσιν

253 3629 508 3690 συντελοῦντες
528 3620 660 3689 θυσίας
681 3623 745 3689 καί
770 3625 929 3690 σπονδάς
950 3623 1015 3690 καί
1040 3629 1068 3691 τ’
1086 3628 1188 3690 ἄλλα
1210 3629 1424 3712 καθήκοντα
1452 3638 1659 3712 προσαγορε
1676 3673 1781 3694 ......

169 3779 223 3845 51.
266 3775 330 3840 καὶ
358 3779 424 3842 τοῦ
451 3779 541 3843 θεοῦ
571 3773 774 3858 ἐπιφανοῦς
801 3773 1018 3856 εύχαρίστου
1045 3777 1153 3856 ίερεῐς
1180 3773 1271 3857 πρὸς
1297 3783 1373 3842 τοῖς
1400 3780 1532 3844 ἄλλοις
1559 3777 1738 3861 ὀνόμασιν
1762 3782 1836 3842 τῶν
1855 3779 1951 3842 θεῶν

254 3887 309 3960 ύν
341 3893 568 3973 ίερατεύουσι
603 3891 667 3956 καί
703 3891 955 3972 καταχωρίσαι
993 3893 1046 3956 είς
1089 3893 1227 3958 πάντας
1261 3889 1348 3960 τοὺς
1384 3892 1658 3986 χρηματισμούς
1694 3894 1759 3958 καί
1788 3896 1840 3959 είς
1867 3891 1952 3958 τούς

256 4013 571 4078 m.
664 4007 666 4017 .

169 4181 221 4247 52.
264 4176 447 4258 ἱερατείαν
478 4173 593 4242 αύτοῦ
625 4174 762 4250 ἐξεῖναι
792 4175 831 4244 δέ
866 4175 929 4242 καί
964 4183 1040 4242 τοῖς
1074 4178 1206 4244 ἄλλοις
1243 4175 1405 4244 ίδιύταις
1431 4177 1537 4260 τίγειν
1564 4177 1630 4261 τὴν
1651 4173 1781 4262 έοριην
1801 4179 1863 4244 καί
1886 4176 1952 4244 τόν

255 4289 515 4377 προειρημένον
532 4290 626 4358 ναόν
650 4293 841 4373 ἱδρύεσθαι
864 4293 927 4361 καί
951 4293 1048 4374 ἔχειν
1068 4299 1154 4375 παρ’
1174 4293 1298 4360 αύτοῖς
1327 4298 1502 4360 συντελου
1513 4340 1749 4362 ...............

167 4467 222 4533 58.
265 4425 605 4531 ..ςκατενιαυτδν
634 4461 733 4530 δποις
759 4461 947 4546 γνώριμον
972 4460 1107 4550 ᾖδιδτι
1135 4463 1171 4528 οί
1199 4461 1240 4529 έν
1260 4462 1427 4550 αίγύπτῳ
1456 4461 1616 4536 αὔξουσι
1643 4463 1707 4528 καί
1736 4469 1861 4550 τιμῶσι
1890 4464 1953 4534 τὸν

253 4577 342 4648 θεδν
356 4577 519 4664 έπιφανῆ
541 4577 757 4662 εὐχάριστον
777 4576 935 4664 βασιλέα
956 4581 1125 4660 καθάπερ
1146 4579 1303 4664 νόμιμόν
1318 4580 1644 4648 έστιν..............

172 4751 224 4820 54.
349 4749 498 4824 στερεοῦ
525 4747 634 4840 λίθου
660 4753 736 4812 τοῖς
762 4765 798 4812 τε
829 4747 941 4826 ίεροῑς
970 4746 1034 4813 καί
1071 4745 1259 4828 ἐγχωρίοις
1297 4746 1360 4812 καί
1401 4745 1608 4835 έλληνικοῑς
1641 4752 1854 4834 γράμμασιν
1890 4750 1955 4814 καί

259 4869 389 4947 στῆσαι
411 4859 452 4928 ἐν
473 4857 614 4954 ἑκτίστρ
635 4871 708 4936 τῶν
728 4883 764 4932 τε
785 4863 942 4948 πρύτων
963 4863 1028 4933 καὶ
1048 4861 1433 4945 δευτίρ..·.............

1583 5071 1606 5134 9
