4898 6194
492 556 543 628 62
1283 589 1485 613 --·

513 739 545 801 6.
589 743 652 819 τῆς
665 737 885 820 πτολεμαίου
895 731 1011 818 μηνὸς
1022 731 1202 805 ὃανδίπου
1215 731 1357 812 τετράδι
1370 727 1573 813 αίγυπιίων
1593 727 1632 797 δέ
1640 729 1768 812 μεχείρ
1789 727 2083 817 όκτωκαιδεπάιη
2100 736 2272 818 ψήφισμα

576 855 612 918 οῖ
634 854 818 935 αρχιερεῖς
839 853 903 918 καί
926 857 1115 934 προφῆται
1137 847 1200 914 παῖ
1233 849 1268 914 οί
1298 850 1350 914 είς
1376 846 1415 915 τὸ
1445 849 1581 914 ἄδυτον
1609 847 1902 930 εἰσπορευόμενοι
1927 846 2018 928 πρός
2045 846 2109 915 τὸν
2135 855 2272 917 στολισ-

572 967 646 1051 μὸν
672 975 745 1035 τῶν

513 1125 544 1186 7.
587 1124 685 1188 θεῶν
712 1121 777 1185 παῖ
801 1118 1020 1204 πτεροφόροι
1049 1115 1112 1182 καί
1136 1117 1438 1199 ἱερογραμματεῖς
1470 1115 1535 1182 καί
1558 1115 1593 1181 οί
1622 1115 1732 1181 ἄλλοι
1762 1115 1871 1194 ίερεῖς
1895 1115 2023 1184 πάντες
2050 1121 2086 1185 οῖ
2115 1121 2271 1208 ἀπαντή-

579 1249 705 1302 σαντες
727 1235 766 1303 έπ
788 1242 862 1302 τῶν
883 1233 978 1301 κατὰ
998 1235 1074 1318 τὴν
1084 1231 1216 1315 χώραν
1237 1233 1347 1313 ίεροῖν
1369 1234 1421 1298 είς
1450 1230 1592 1318 μέμφιν
1619 1234 1667 1318 τῷ
1695 1211 1845 1316 βασιλεῖ
1865 1231 1955 1312 πρὸς
1976 1236 2042 1318 τὴν
2061 1241 2271 1323 πανήγυριν

576 1362 639 1436 τῆς
660 1359 908 1440 παραλήψεως
938 1361 1001 1436 τῆς

512 1509 543 1572 8.
586 1505 781 1588 βασιλείας
808 1514 869 1588 τῆς
898 1503 1118 1586 πτολεμαίου
1146 1500 1351 1584 αίωνοβίου
1377 1497 1614 1584 ἡγαπημένου
1643 1496 1714 1566 ὑπὸ
1742 1505 1808 1566 τοῦ
1837 1507 1920 1586 φθᾶ
1950 1505 2039 1568 θεοῦ
2067 1502 2265 1592 ἐπιφανοῦς

577 1622 831 1705 εὐχαρίςτου“
816 1645 862 1708 ην
883 1619 1094 1704 παρέλαβεν
1126 1618 1227 1698 παρὰ
1253 1622 1318 1684 τοῦ
1347 1614 1481 1697 πατρὸς
1509 1617 1624 1684 αὑτοῦ
1655 1615 1894 1700 συναχθέντες
1922 1618 1961 1684 έν
1993 1626 2043 1708 τῷ
2072 1620 2113 1688 έν
2135 1621 2270 1710 μέμφει

578 1740 666 1825 ίερςῖι
688 1745 730 1824 τῇ
754 1737 821 1822 ἠμί
818 1760 871 1824 ρᾳ
890 1737 1004 1822 ταύτῃ
1032 1731 1140 1804 είπαν

513 1894 543 1956 9.
587 1887 706 1972 ἐπειδὴ
735 1887 912 1974 βασιλεὺς
931 1893 1147 1971 πτολεμαῖος
1178 1883 1377 1970 αίωνόβιος
1411 1883 1580 1971 ἡγαπημέ
1581 1903 1644 1952 νος
1677 1883 1747 1952 ὑπὸ
1775 1889 1841 1952 τοῦ
1872 1893 1954 1974 φθιῖ
1981 1886 2066 1956 θεὸς
2092 1888 2272 1978 ἐπιφανὴς

418 1999 423 2004 ’
577 2004 789 2086 εὐχόρτστος
811 2005 832 2071 ό
853 2005 893 2071 έιι
916 2003 1097 2088 βασιλέως
1118 2006 1338 2086 πτολεμαίου
1361 2005 1424 2070 καί
1446 2005 1665 2089 βασιλίσσης
1687 1999 1862 2088 όρστνόης
1882 2009 1981 2072 θεῶν
2005 2009 2269 2091 φιλοπατόρων

577 2123 672 2188 κατὰ
692 2121 814 2228 πολλὰ
837 2121 1068 2205 εὐεργέτηκεν
1095 2123 1139 2188 τὰ
1161 2127 1196 2189 θ’
1220 2122 1302 2204 ίερὰ
1323 2122 1386 2188 καί

495 2278 544 2340 10.
587 2271 674 2338 τοὺς
697 2272 737 2338 έν
764 2271 888 2337 αὐτοῖς
910 2271 1017 2337 ὄντας
1037 2275 1112 2340 ,παὶ
1145 2272 1231 2340 τοὺς
1260 2271 1330 2340 ὑπὸ
1357 2275 1423 2356 τὴν
1454 2270 1586 2338 ἑαυτοῦ
1614 2271 1811 2356 βασιλείαν
1836 2271 2079 2355 τασσομένους
2108 2277 2271 2345 ἅπαντας

577 2391 758 2471 ὑπάρχων
785 2385 868 2456 θεὸς
897 2388 938 2454 έκ
972 2395 1061 2457 θεοῦ
1092 2393 1154 2456 καί
1183 2398 1272 2459 θεᾶς
1300 2393 1467 2472 καθάπερ
1498 2383 1592 2470 ὧρας
1623 2390 1644 2454 δ
1672 2397 1735 2471 τῆς
1766 2389 1856 2453 ίσιος
1883 2391 1947 2454 καὶ
1977 2392 2114 2472 δσίριος
2141 2393 2221 2461 υίὸς
2248 2399 2279 2464 ό

572 2507 764 2588 ίπαμύνας
783 2512 833 2593 τῷ
856 2507 963 2588 πατρὶ
984 2509 1099 2575 αὐτοῦ
1123 2511 1236 2590 όσίρει
1257 2510 1302 2576 τὰ
1329 2506 1418 2590 πρός
1439 2503 1551 2574 θεοὺς
1681 2591 1685 2598 Ι

495 2665 545 2727 11.
590 2658 825 2742 εὐεργετικῶς
846 2659 1074 2740 διακείμενος
1095 2659 1329 2726 ἀνατέθεικεν
1358 2661 1410 2724 είς
1430 2657 1475 2722 τὰ
1497 2657 1580 2736 ἱερὰ
1600 2658 1806 2741 είργυρυιιίς
1828 2677 1865 2724 τε
1894 2657 1958 2724 καὶ
1981 2662 2117 2726 σετειιόις
2137 2669 2273 2743 προσό-

578 2781 665 2842 δους
688 2776 751 2840 καὶ
786 2777 954 2840 δαπάνας
974 2775 1116 2842 πολλός
1138 2774 1408 2860 ὑπομεμένηκεν
1430 2775 1540 2842 ἕνεκα
1561 2779 1627 2840 τοῦ
1651 2776 1716 2858 τὴν
1745 2777 1926 2856 αίγυπςον
1955 2777 2006 2842 είς
2028 2777 2155 2844 εὐδίαν
2171 2783 2270 2864 μέγα·

575 2901 658 2980 γεῖν
680 2893 743 2958 καί
765 2892 809 2958 τὰ
831 2892 917 2972 ἱερὰ
940 2897 1239 2978 καταστήσασθαι

497 3053 544 3114 12.
566 3053 646 3113 ταῖς
674 3065 709 3109 τε
744 3039 878 3136 ἑαυτοῦ
906 3044 1105 3123 δυνάμεσιν
1130 3041 1466 3130 πεφιλανθρώπηκε
1494 3045 1628 3109 πάσαις
1664 3045 1727 3109 καὶ
1760 3040 1830 3108 ἀπὸ
1864 3046 1936 3108 τῶν
1957 3044 2208 3128 ὑπαρχουσῶν
2230 3051 2272 3118 έν

575 3162 744 3248 αίγόπτφ
766 3159 959 3240 προσόδων
981 3159 1043 3224 καί
1068 3165 1308 3245 φορολογιῶν
1330 3159 1428 3227 τινας
1453 3160 1523 3244 μέν
1551 3164 1603 3229 είς
1629 3159 1731 3228 τέλος
1759 3163 1909 3245 ιίφῆκεν
1937 3164 2059 3229 ἄλλας
2081 3163 2120 3232 δέ
2141 3169 2268 3234 κεκού-

575 3303 687 3368 φικεν
710 3280 807 3346 ὅπως
832 3278 854 3344 5
874 3299 910 3342 τε
933 3274 1025 3342 λαὸς
1046 3279 1111 3345 καί
1136 3281 1170 3344 o!
1192 3281 1304 3344 ἄλλοι
1318 3281 1448 3344 πάντες
1470 3278 1509 3344 έν

493 3439 542 3502 15.
587 3430 742 3513 εὐθηνίᾳ
763 3421 854 3494 ωσιν
876 3427 933 3494 έπί
954 3437 1018 3510 τῆς
1039 3425 1172 3494 ἑαυτοῦ
1193 3429 1387 3510 βασιλείας
1397 3431 1444 3493 τό
1456 3451 1491 3496 τε
1507 3430 1688 3514 βασιλικὰ
1704 3431 1942 3515 ’ὀφειλήματα
1964 3431 1990 3492 ἃ
2011 3433 2272 3519 προσώφεελοπ

577 3549 611 3614 οἱ
633 3545 673 3612 έν
694 3544 863 3630 αίγύπτφ
885 3544 948 3610 καὶ
973 3547 1008 3610 οί
1031 3542 1071 3610 έν
1091 3551 1134 3629 τῇ
1158 3551 1268 3629 λοιπῇ
1289 3547 1463 3633 βασιλείᾳ
1490 3547 1604 3614 αὐτοῦ
1634 3545 1719 3614 ὄντα
1748 3547 1870 3614 πολλὰ
1898 3553 1947 3634 τῷ
1969 3551 2101 3633 πλήθει
2122 3553 2272 3636 ἀφῆκεν
2329 3553 2331 3558 ’

575 3659 746 3734 καὶτοὺς
767 3661 806 3727 έν
827 3667 905 3726 ταῖς
928 3665 1119 3748 φυλακαῖς

494 3825 543 3887 14.
586 3811 816 3900 ἀνηγμένους
835 3811 998 3880 καὶτοὺς
1018 3815 1203 3881 έναίτίαις
1219 3813 1326 3882 ὄντας
1344 3815 1384 3883 ἐκ
1405 3819 1547 3883 πολλοῦ
1565 3817 1705 3898 χρόνου
1720 3813 1788 3882 ιίπέ
1788 3821 1876 3884 λυσε
1901 3821 1973 3882 τῶν
1995 3817 2273 3912 ἐγκεκλημένων

574 3931 770 4016 προσέταξε
793 3929 831 3998 δέ
854 3933 919 3997 καί
939 3932 1004 3998 τὰς
1024 3931 1228 4012 προσόδους
1248 3939 1321 4000 τῶν
1343 3935 1454 4013 ίερῶν
1474 3935 1538 4002 καί
1552 3935 1614 4028 τὰς
1633 3931 1822 4018 διδομένας
1836 3935 1888 4000 είς
1903 3933 1997 4000 αὐτὰ
2013 3940 2090 4000 κατ’
2104 3934 2272 4006 ένιαυτδν

576 4051 764 4122 συντάξεις
787 4061 854 4114 σιτι
876 4085 918 4100 ·-

492 4207 542 4275 15.
585 4206 712 4271 κάετε
735 4201 798 4268 καὶ
822 4201 1026 4282 όργυρςκόις
1049 4201 1182 4283 ὁμοίως
1203 4201 1241 4269 δέ
1263 4204 1327 4269 καὶ
1348 4204 1412 4269 τὰς
1433 4202 1673 4295 καθηκούσας
1688 4199 1760 4270 όπό
1778 4203 1911 4286 μοίρας
1931 4211 2006 4270 τοῖς
2020 4209 2118 4272 θεοῖς
2140 4208 2214 4274 ἀπό
2234 4232 2271 4277 τε

572 4330 637 4406 τῆς
658 4319 885 4402 όμπελίτιδος
914 4329 982 4403 γῆς
1009 4318 1073 4385 καί
1103 4324 1176 4386 τῶν
1199 4324 1433 4402 παραδείσων
1462 4310 1526 4390 καὶ
1556 4325 1628 4388 τῶν
1656 4322 1786 4388 ἄλλων
1812 4325 1887 4386 τῶν
1917 4322 2161 4404 ὑπαρξόντων
2195 4335 2272 4393 τοῖς

575 4447 673 4509 θεοῖς
688 4437 742 4504 έπί
765 4441 830 4504 τοῦ
852 4435 986 4518 πατρὸς
1013 4437 1127 4504 αὐτοῦ

493 4601 541 4664 16,
582 4590 705 4676 μένειν
726 4589 783 4655 έπί
805 4587 931 4671 χώρας
951 4587 1173 4670 προσέταξεν
1194 4587 1233 4658 δέ
1255 4592 1319 4659 καὶ
1341 4593 1425 4674 περὶ
1448 4595 1521 4658 τῶν
1543 4589 1672 4672 ίερέων
1703 4591 1801 4656 όπως
1829 4589 1947 4673 μηθέν
1974 4593 2103 4658 πλεῖον
2122 4595 2271 4662 διδῶσιν

575 4713 627 4778 είς
647 4706 686 4775 ιδ
709 4703 915 4776 τελεστικδν
943 4703 988 4776 οὗ
1012 4706 1201 4778 ίτάσσοντο
1225 4707 1287 4804 ἕως
1309 4717 1375 4780 τοῦ
1390 4710 1536 4808 πρόιτου
1551 4709 1651 4778 ίτους
1664 4709 1718 4778 έπλ
1732 4712 1797 4774 τοῦ
1816 4705 1949 4790 πατρός
1961 4707 2076 4774 αὐτοῦ
2091 4707 2272 4810 δπέλυσεη

575 4828 615 4899 δέ
637 4829 700 4896 καί
724 4829 811 4896 τοὺς
832 4824 871 4891 έκ
894 4829 968 4890 τῶν

484 5003 543 5066 17.
564 4992 836 5077 “ίερῶν·έθνῶν
857 4997 922 5059 τοῦ
945 4991 1182 5060 πατενιαυτόν
1203 4997 1255 5062 είς
1285 4996 1558 5076 αλεξάνδρειαν
1586 4995 1777 5062 κατάπλου
1805 4991 2030 5076 προσέταξεν
2057 4991 2096 5059 δέ
2117 4997 2183 5064 παλ
2204 4999 2270 5082 τὴν
