<?xml version="1.0" encoding="UTF-8"?>
<!DOCTYPE html PUBLIC "-//W3C//DTD XHTML 1.0 Transitional//EN"
    "http://www.w3.org/TR/xhtml1/DTD/xhtml1-transitional.dtd">
<html xmlns="http://www.w3.org/1999/xhtml" xml:lang="en" lang="en">
 <head>
  <title>
</title>
<meta http-equiv="Content-Type" content="text/html;charset=utf-8" />
  <meta name='ocr-system' content='tesseract 3.04.00' />
  <meta name='ocr-capabilities' content='ocr_page ocr_carea ocr_par ocr_line ocrx_word'/>
</head>
<body>
  <div class='ocr_page' id='page_1' title='image "./depriscaaegypti00kosegoog_0082.png"; bbox 0 0 4898 6194; ppageno 0'>
   <div class='ocr_carea' id='block_1_1' title="bbox 970 486 1963 562">
    <p class='ocr_par' dir='ltr' id='par_1_1' title="bbox 970 486 1963 562">
     <span class='ocr_line' id='line_1_1' title="bbox 970 486 1963 562; baseline 0.003 -3"><span class='ocrx_word' id='word_1_1' title='bbox 970 487 1173 512; x_wconf 81' lang='grc'><em>““”“““”</em></span> <span class='ocrx_word' id='word_1_2' title='bbox 1911 486 1963 562; x_wconf 86' lang='grc'><strong>55</strong></span> 
     </span>
    </p>
   </div>
   <div class='ocr_carea' id='block_1_2' title="bbox 172 631 1964 1246">
    <p class='ocr_par' dir='ltr' id='par_1_2' title="bbox 176 631 1964 866">
     <span class='ocr_line' id='line_1_2' title="bbox 176 631 1964 746; baseline 0.014 -32"><span class='ocrx_word' id='word_1_3' title='bbox 176 654 249 714; x_wconf 81' lang='lat' dir='ltr'><strong>tam</strong></span> <span class='ocrx_word' id='word_1_4' title='bbox 273 641 383 727; x_wconf 80' lang='lat' dir='ltr'><strong>fandi,</strong></span> <span class='ocrx_word' id='word_1_5' title='bbox 413 659 514 728; x_wconf 83' lang='lat' dir='ltr'><strong>qoem</strong></span> <span class='ocrx_word' id='word_1_6' title='bbox 543 642 670 706; x_wconf 84' lang='lat' dir='ltr'><strong>emerat</strong></span> <span class='ocrx_word' id='word_1_7' title='bbox 688 631 875 728; x_wconf 86' lang='lat' dir='ltr'><strong>Teephbis,</strong></span> <span class='ocrx_word' id='word_1_8' title='bbox 899 655 1108 728; x_wconf 74' lang='lat' dir='ltr'>cognoscere</span> <span class='ocrx_word' id='word_1_9' title='bbox 1125 639 1217 710; x_wconf 87' lang='lat' dir='ltr'><strong>lieet</strong></span> <span class='ocrx_word' id='word_1_10' title='bbox 1269 641 1364 712; x_wconf 86' lang='lat' dir='ltr'><strong>Emit</strong></span> <span class='ocrx_word' id='word_1_11' title='bbox 1388 648 1476 718; x_wconf 88' lang='lat' dir='ltr'><strong>enim</strong></span> <span class='ocrx_word' id='word_1_12' title='bbox 1501 649 1678 746; x_wconf 84' lang='lat' dir='ltr'><strong>Teephbis</strong></span> <span class='ocrx_word' id='word_1_13' title='bbox 1705 663 1819 734; x_wconf 75' lang='lat' dir='ltr'><strong>orbito</strong></span> <span class='ocrx_word' id='word_1_14' title='bbox 1844 669 1964 739; x_wconf 82' lang='lat' dir='ltr'><strong>aedili·</strong></span> 
     </span>
     <span class='ocr_line' id='line_1_3' title="bbox 182 771 732 866; baseline -0.022 -17"><span class='ocrx_word' id='word_1_15' title='bbox 182 777 282 850; x_wconf 88' lang='lat' dir='ltr'><strong>oialia</strong></span> <span class='ocrx_word' id='word_1_16' title='bbox 307 783 440 866; x_wconf 81' lang='lat' dir='ltr'><strong>septem</strong></span> <span class='ocrx_word' id='word_1_17' title='bbox 473 781 507 840; x_wconf 87' lang='lat' dir='ltr'><strong>et</strong></span> <span class='ocrx_word' id='word_1_18' title='bbox 540 771 732 840; x_wconf 79' lang='lat' dir='ltr'><strong>dimidinms</strong></span> 
     </span>
    </p>

    <p class='ocr_par' dir='ltr' id='par_1_3' title="bbox 172 899 1961 1246">
     <span class='ocr_line' id='line_1_4' title="bbox 286 899 1483 1003; baseline -0.001 -35"><span class='ocrx_word' id='word_1_19' title='bbox 286 965 291 972; x_wconf 84' lang='grc'><strong>,</strong></span> <span class='ocrx_word' id='word_1_20' title='bbox 734 902 862 980; x_wconf 65' lang='lat' dir='ltr'><strong>saxeis</strong></span> <span class='ocrx_word' id='word_1_21' title='bbox 883 899 1139 970; x_wconf 69' lang='lat' dir='ltr'><strong>elnonenses</strong></span> <span class='ocrx_word' id='word_1_22' title='bbox 1171 899 1258 1003; x_wconf 70' lang='lat' dir='ltr'><strong>iared</strong></span> <span class='ocrx_word' id='word_1_23' title='bbox 1280 907 1401 988; x_wconf 74' lang='grc' dir='ltr'><strong>ἥμισυ.</strong></span> <span class='ocrx_word' id='word_1_24' title='bbox 1478 955 1483 967; x_wconf 91' lang='grc'><strong>.</strong></span> 
     </span>
     <span class='ocr_line' id='line_1_5' title="bbox 174 1020 1961 1142; baseline 0.006 -45"><span class='ocrx_word' id='word_1_25' title='bbox 174 1030 290 1113; x_wconf 81' lang='lat' dir='ltr'><strong>Quem</strong></span> <span class='ocrx_word' id='word_1_26' title='bbox 316 1046 491 1094; x_wconf 76' lang='lat' dir='ltr'><strong>nnmerum</strong></span> <span class='ocrx_word' id='word_1_27' title='bbox 515 1024 550 1092; x_wconf 89' lang='lat' dir='ltr'><strong>in</strong></span> <span class='ocrx_word' id='word_1_28' title='bbox 574 1020 774 1116; x_wconf 75' lang='lat' dir='ltr'><strong>syngrapha</strong></span> <span class='ocrx_word' id='word_1_29' title='bbox 796 1020 964 1138; x_wconf 77' lang='lat' dir='ltr'><strong>¹enehoria</strong></span> <span class='ocrx_word' id='word_1_30' title='bbox 990 1023 1161 1118; x_wconf 71' lang='lat' dir='ltr'><strong>Greyiam</strong></span> <span class='ocrx_word' id='word_1_31' title='bbox 1192 1029 1305 1118; x_wconf 89' lang='lat' dir='ltr'><strong>prima</strong></span> <span class='ocrx_word' id='word_1_32' title='bbox 1340 1031 1417 1122; x_wconf 88' lang='lat' dir='ltr'><strong>plas</strong></span> <span class='ocrx_word' id='word_1_33' title='bbox 1453 1039 1559 1106; x_wconf 83' lang='lat' dir='ltr'><strong>semel</strong></span> <span class='ocrx_word' id='word_1_34' title='bbox 1588 1040 1658 1113; x_wconf 86' lang='lat' dir='ltr'><strong>hoe</strong></span> <span class='ocrx_word' id='word_1_35' title='bbox 1687 1047 1793 1140; x_wconf 66' lang='lat' dir='ltr'><strong>moqo</strong></span> <span class='ocrx_word' id='word_1_36' title='bbox 1821 1073 1961 1142; x_wconf 47' lang='lat' dir='ltr'><strong>repra&amp;</strong></span> 
     </span>
     <span class='ocr_line' id='line_1_6' title="bbox 172 1155 1617 1246; baseline -0.007 -16"><span class='ocrx_word' id='word_1_37' title='bbox 172 1171 344 1234; x_wconf 78' lang='lat' dir='ltr'><strong>sentatnm</strong></span> <span class='ocrx_word' id='word_1_38' title='bbox 370 1161 554 1246; x_wconf 71' lang='lat' dir='ltr'><strong>ammonas,</strong></span> <span class='ocrx_word' id='word_1_39' title='bbox 580 1159 639 1228; x_wconf 90' lang='lat' dir='ltr'><strong>lin.</strong></span> <span class='ocrx_word' id='word_1_40' title='bbox 669 1157 725 1228; x_wconf 77' lang='grc'><strong>12.</strong></span> <span class='ocrx_word' id='word_1_41' title='bbox 756 1155 814 1224; x_wconf 95' lang='grc'><strong>18.</strong></span> <span class='ocrx_word' id='word_1_42' title='bbox 843 1155 899 1228; x_wconf 92' lang='grc'><strong>15.</strong></span> <span class='ocrx_word' id='word_1_43' title='bbox 929 1158 996 1227; x_wconf 83' lang='lat'><strong>18:</strong></span> <span class='ocrx_word' id='word_1_44' title='bbox 1609 1193 1617 1202; x_wconf 90' lang='lat'><em>·</em></span> 
     </span>
    </p>
   </div>
   <div class='ocr_carea' id='block_1_3' title="bbox 716 1291 1456 1460">
    <p class='ocr_par' dir='ltr' id='par_1_4' title="bbox 716 1291 1456 1460">
     <span class='ocr_line' id='line_1_7' title="bbox 716 1291 1456 1460; baseline 0.014 -66"><span class='ocrx_word' id='word_1_45' title='bbox 716 1307 808 1398; x_wconf 61' lang='lat'><strong>‘02</strong></span> <span class='ocrx_word' id='word_1_46' title='bbox 846 1311 969 1410; x_wconf 53' lang='grc' dir='ltr'><strong>«Ἴ</strong></span> <span class='ocrx_word' id='word_1_47' title='bbox 1008 1291 1456 1460; x_wconf 57' lang='grc' dir='ltr'><strong>ιζῖοίήοὶά</strong></span> 
     </span>
    </p>
   </div>
   <div class='ocr_carea' id='block_1_4' title="bbox 175 1517 1960 2118">
    <p class='ocr_par' dir='ltr' id='par_1_5' title="bbox 175 1511 1960 2118">
     <span class='ocr_line' id='line_1_8' title="bbox 766 1517 1255 1586; baseline 0.004 -14"><span class='ocrx_word' id='word_1_48' title='bbox 766 1517 783 1586; x_wconf 75' lang='lat' dir='ltr'><strong>l</strong></span> <span class='ocrx_word' id='word_1_49' title='bbox 923 1521 947 1574; x_wconf 89' lang='grc'><strong>-7</strong></span> <span class='ocrx_word' id='word_1_50' title='bbox 1151 1521 1255 1574; x_wconf 82' lang='lat' dir='ltr'><strong>cubita.</strong></span> 
     </span>
     <span class='ocr_line' id='line_1_9' title="bbox 176 1621 1960 1727; baseline 0.013 -38"><span class='ocrx_word' id='word_1_51' title='bbox 176 1623 308 1690; x_wconf 82' lang='lat' dir='ltr'><strong>Eadem</strong></span> <span class='ocrx_word' id='word_1_52' title='bbox 328 1623 433 1690; x_wconf 80' lang='lat' dir='ltr'><strong>verba</strong></span> <span class='ocrx_word' id='word_1_53' title='bbox 458 1621 620 1691; x_wconf 77' lang='lat' dir='ltr'><strong>enchoria</strong></span> <span class='ocrx_word' id='word_1_54' title='bbox 643 1621 803 1714; x_wconf 80' lang='lat' dir='ltr'><strong>leguntur</strong></span> <span class='ocrx_word' id='word_1_55' title='bbox 828 1627 929 1694; x_wconf 84' lang='lat' dir='ltr'><strong>etiam</strong></span> <span class='ocrx_word' id='word_1_56' title='bbox 955 1625 990 1692; x_wconf 91' lang='lat' dir='ltr'><strong>in</strong></span> <span class='ocrx_word' id='word_1_57' title='bbox 1016 1628 1214 1719; x_wconf 77' lang='lat' dir='ltr'><strong>syngrapha</strong></span> <span class='ocrx_word' id='word_1_58' title='bbox 1232 1629 1394 1698; x_wconf 77' lang='lat' dir='ltr'><strong>enchoria</strong></span> <span class='ocrx_word' id='word_1_59' title='bbox 1411 1629 1583 1721; x_wconf 79' lang='lat' dir='ltr'><strong>Gr&#39;eyiana</strong></span> <span class='ocrx_word' id='word_1_60' title='bbox 1601 1640 1759 1727; x_wconf 85' lang='lat' dir='ltr'><strong>secunda,</strong></span> <span class='ocrx_word' id='word_1_61' title='bbox 1785 1641 1875 1711; x_wconf 88' lang='lat' dir='ltr'><strong>linea</strong></span> <span class='ocrx_word' id='word_1_62' title='bbox 1895 1645 1960 1714; x_wconf 83' lang='lat' dir='ltr'><strong>sci-</strong></span> 
     </span>
     <span class='ocr_line' id='line_1_10' title="bbox 177 1755 1959 1860; baseline 0.014 -38"><span class='ocrx_word' id='word_1_63' title='bbox 177 1757 259 1824; x_wconf 85' lang='lat' dir='ltr'><strong>lieet</strong></span> <span class='ocrx_word' id='word_1_64' title='bbox 284 1765 402 1844; x_wconf 77' lang='lat' dir='ltr'><strong>quarta</strong></span> <span class='ocrx_word' id='word_1_65' title='bbox 428 1756 568 1824; x_wconf 84' lang='lat' dir='ltr'><strong>rleoima.</strong></span> <span class='ocrx_word' id='word_1_66' title='bbox 621 1755 744 1824; x_wconf 87' lang='lat' dir='ltr'><strong>Cubita</strong></span> <span class='ocrx_word' id='word_1_67' title='bbox 770 1769 879 1826; x_wconf 86' lang='lat' dir='ltr'><strong>autem</strong></span> <span class='ocrx_word' id='word_1_68' title='bbox 910 1759 968 1826; x_wconf 90' lang='lat' dir='ltr'><strong>illa</strong></span> <span class='ocrx_word' id='word_1_69' title='bbox 993 1771 1123 1850; x_wconf 79' lang='lat' dir='ltr'><strong>septem</strong></span> <span class='ocrx_word' id='word_1_70' title='bbox 1161 1771 1195 1828; x_wconf 88' lang='lat' dir='ltr'><strong>et</strong></span> <span class='ocrx_word' id='word_1_71' title='bbox 1219 1763 1417 1850; x_wconf 87' lang='lat' dir='ltr'><strong>dimidium,</strong></span> <span class='ocrx_word' id='word_1_72' title='bbox 1444 1775 1481 1833; x_wconf 89' lang='lat' dir='ltr'><strong>ut</strong></span> <span class='ocrx_word' id='word_1_73' title='bbox 1505 1790 1656 1860; x_wconf 77' lang='lat' dir='ltr'><strong>papyrus</strong></span> <span class='ocrx_word' id='word_1_74' title='bbox 1681 1775 1899 1845; x_wconf 86' lang='lat' dir='ltr'><strong>Taurinensis</strong></span> <span class='ocrx_word' id='word_1_75' title='bbox 1926 1788 1959 1846; x_wconf 86' lang='lat' dir='ltr'><strong>et</strong></span> 
     </span>
     <span class='ocr_line' id='line_1_11' title="bbox 180 1889 1959 1986; baseline 0.013 -29"><span class='ocrx_word' id='word_1_76' title='bbox 180 1891 310 1958; x_wconf 81' lang='lat' dir='ltr'><strong>exactio</strong></span> <span class='ocrx_word' id='word_1_77' title='bbox 345 1889 519 1980; x_wconf 82' lang='lat' dir='ltr'><strong>vectigalis</strong></span> <span class='ocrx_word' id='word_1_78' title='bbox 545 1913 669 1982; x_wconf 76' lang='lat' dir='ltr'><strong>graeca</strong></span> <span class='ocrx_word' id='word_1_79' title='bbox 693 1893 727 1958; x_wconf 91' lang='lat' dir='ltr'><strong>in</strong></span> <span class='ocrx_word' id='word_1_80' title='bbox 752 1913 889 1984; x_wconf 74' lang='lat' dir='ltr'><strong>papyro</strong></span> <span class='ocrx_word' id='word_1_81' title='bbox 906 1894 1079 1984; x_wconf 60' lang='lat' dir='ltr'><strong>Greyiano</strong></span> <span class='ocrx_word' id='word_1_82' title='bbox 1105 1895 1267 1986; x_wconf 83' lang='lat' dir='ltr'><strong>inscripta</strong></span> <span class='ocrx_word' id='word_1_83' title='bbox 1293 1895 1476 1984; x_wconf 88' lang='lat' dir='ltr'><strong>declarant,</strong></span> <span class='ocrx_word' id='word_1_84' title='bbox 1505 1915 1599 1970; x_wconf 86' lang='lat' dir='ltr'><strong>erant</strong></span> <span class='ocrx_word' id='word_1_85' title='bbox 1624 1927 1664 1972; x_wconf 89' lang='lat' dir='ltr'><strong>ex</strong></span> <span class='ocrx_word' id='word_1_86' title='bbox 1691 1909 1811 1976; x_wconf 86' lang='lat' dir='ltr'><strong>enbitis</strong></span> <span class='ocrx_word' id='word_1_87' title='bbox 1837 1909 1959 1980; x_wconf 84' lang='lat' dir='ltr'><strong>decem</strong></span> 
     </span>
     <span class='ocr_line' id='line_1_12' title="bbox 175 2023 1958 2118; baseline 0.012 -28"><span class='ocrx_word' id='word_1_88' title='bbox 175 2045 289 2116; x_wconf 84' lang='lat' dir='ltr'><strong>prope</strong></span> <span class='ocrx_word' id='word_1_89' title='bbox 312 2023 492 2114; x_wconf 85' lang='lat' dir='ltr'><strong>Diospolin</strong></span> <span class='ocrx_word' id='word_1_90' title='bbox 517 2047 676 2116; x_wconf 76' lang='lat' dir='ltr'><strong>magnam</strong></span> <span class='ocrx_word' id='word_1_91' title='bbox 701 2027 745 2094; x_wconf 87' lang='lat' dir='ltr'><strong>ab</strong></span> <span class='ocrx_word' id='word_1_92' title='bbox 772 2027 905 2094; x_wconf 79' lang='lat' dir='ltr'><strong>australi</strong></span> <span class='ocrx_word' id='word_1_93' title='bbox 930 2037 1027 2118; x_wconf 89' lang='lat' dir='ltr'><strong>parte</strong></span> <span class='ocrx_word' id='word_1_94' title='bbox 1054 2029 1132 2095; x_wconf 86' lang='lat' dir='ltr'><strong>sitis.</strong></span> <span class='ocrx_word' id='word_1_95' title='bbox 1185 2029 1292 2098; x_wconf 89' lang='lat' dir='ltr'><strong>Unde</strong></span> <span class='ocrx_word' id='word_1_96' title='bbox 1327 2030 1367 2096; x_wconf 91' lang='lat' dir='ltr'><strong>lit</strong></span> <span class='ocrx_word' id='word_1_97' title='bbox 1400 2040 1438 2100; x_wconf 88' lang='lat' dir='ltr'><strong>ut</strong></span> <span class='ocrx_word' id='word_1_98' title='bbox 1472 2033 1595 2104; x_wconf 86' lang='lat' dir='ltr'><strong>horam</strong></span> <span class='ocrx_word' id='word_1_99' title='bbox 1621 2042 1812 2110; x_wconf 86' lang='lat' dir='ltr'><strong>cubitorum</strong></span> <span class='ocrx_word' id='word_1_100' title='bbox 1838 2044 1958 2113; x_wconf 78' lang='lat' dir='ltr'><strong>decen</strong></span> 
     </span>
    </p>
   </div>
   <div class='ocr_carea' id='block_1_5' title="bbox 177 2148 1957 2258">
    <p class='ocr_par' dir='ltr' id='par_1_6' title="bbox 177 2148 1957 2258">
     <span class='ocr_line' id='line_1_13' title="bbox 177 2148 1957 2258; baseline 0.007 -32"><span class='ocrx_word' id='word_1_101' title='bbox 177 2180 313 2248; x_wconf 86' lang='lat' dir='ltr'><strong>quoqne</strong></span> <span class='ocrx_word' id='word_1_102' title='bbox 337 2178 493 2224; x_wconf 85' lang='lat' dir='ltr'><strong>numerus</strong></span> <span class='ocrx_word' id='word_1_103' title='bbox 518 2158 551 2224; x_wconf 88' lang='lat' dir='ltr'><strong>ia</strong></span> <span class='ocrx_word' id='word_1_104' title='bbox 576 2159 773 2252; x_wconf 75' lang='lat' dir='ltr'><strong>syngrapha</strong></span> <span class='ocrx_word' id='word_1_105' title='bbox 798 2157 970 2248; x_wconf 82' lang='lat' dir='ltr'><strong>Greyisaa</strong></span> <span class='ocrx_word' id='word_1_106' title='bbox 995 2163 1115 2252; x_wconf 81' lang='lat' dir='ltr'><strong>prims,</strong></span> <span class='ocrx_word' id='word_1_107' title='bbox 1142 2161 1200 2230; x_wconf 85' lang='lat' dir='ltr'><strong>lin.</strong></span> <span class='ocrx_word' id='word_1_108' title='bbox 1229 2148 1287 2234; x_wconf 85' lang='grc'><strong>18.</strong></span> <span class='ocrx_word' id='word_1_109' title='bbox 1318 2163 1374 2236; x_wconf 89' lang='grc'><strong>15.</strong></span> <span class='ocrx_word' id='word_1_110' title='bbox 1405 2175 1438 2232; x_wconf 92' lang='lat' dir='ltr'><strong>et</strong></span> <span class='ocrx_word' id='word_1_111' title='bbox 1463 2170 1621 2258; x_wconf 83' lang='lat' dir='ltr'><strong>secunda,</strong></span> <span class='ocrx_word' id='word_1_112' title='bbox 1647 2172 1705 2240; x_wconf 89' lang='lat' dir='ltr'><strong>lin.</strong></span> <span class='ocrx_word' id='word_1_113' title='bbox 1736 2177 1794 2245; x_wconf 88' lang='lat'><strong>10.</strong></span> <span class='ocrx_word' id='word_1_114' title='bbox 1821 2178 1869 2244; x_wconf 74' lang='lat' dir='ltr'><strong>ita</strong></span> <span class='ocrx_word' id='word_1_115' title='bbox 1895 2179 1957 2246; x_wconf 80' lang='lat' dir='ltr'><strong>de-</strong></span> 
     </span>
    </p>
   </div>
   <div class='ocr_carea' id='block_1_6' title="bbox 179 2292 1300 2585">
    <p class='ocr_par' dir='ltr' id='par_1_7' title="bbox 179 2292 1300 2585">
     <span class='ocr_line' id='line_1_14' title="bbox 179 2292 565 2386; baseline -0.005 -26"><span class='ocrx_word' id='word_1_116' title='bbox 179 2295 329 2386; x_wconf 70' lang='lat' dir='ltr'><strong>signatus</strong></span> <span class='ocrx_word' id='word_1_117' title='bbox 360 2292 565 2380; x_wconf 70' lang='lat' dir='ltr'><strong>repensor:</strong></span> 
     </span>
     <span class='ocr_line' id='line_1_15' title="bbox 830 2415 1300 2585; baseline -0.009 -43"><span class='ocrx_word' id='word_1_118' title='bbox 830 2415 1300 2585; x_wconf 39' lang='lat' dir='ltr'><strong>*anoton</strong></span> 
     </span>
    </p>
   </div>
   <div class='ocr_carea' id='block_1_7' title="bbox 175 2631 1972 3117">
    <p class='ocr_par' dir='ltr' id='par_1_8' title="bbox 175 2631 1972 3117">
     <span class='ocr_line' id='line_1_16' title="bbox 848 2631 1184 2690; baseline 0.009 -8"><span class='ocrx_word' id='word_1_119' title='bbox 848 2638 881 2690; x_wconf 85' lang='lat'><strong>10</strong></span> <span class='ocrx_word' id='word_1_120' title='bbox 918 2631 926 2682; x_wconf 84' lang='lat' dir='ltr'><strong>i</strong></span> <span class='ocrx_word' id='word_1_121' title='bbox 1078 2633 1184 2686; x_wconf 74' lang='lat' dir='ltr'><strong>nubite.</strong></span> 
     </span>
     <span class='ocr_line' id='line_1_17' title="bbox 178 2687 1955 2835; baseline 0.003 -25"><span class='ocrx_word' id='word_1_122' title='bbox 178 2741 360 2832; x_wconf 80' lang='lat' dir='ltr'><strong>Reliquam</strong></span> <span class='ocrx_word' id='word_1_123' title='bbox 383 2759 465 2808; x_wconf 79' lang='lat' dir='ltr'><strong>vero</strong></span> <span class='ocrx_word' id='word_1_124' title='bbox 490 2740 610 2810; x_wconf 86' lang='lat' dir='ltr'><strong>decem</strong></span> <span class='ocrx_word' id='word_1_125' title='bbox 634 2738 770 2808; x_wconf 90' lang='lat' dir='ltr'><strong>illoram</strong></span> <span class='ocrx_word' id='word_1_126' title='bbox 794 2687 985 2810; x_wconf 68' lang='lat' dir='ltr'><strong>cubitorem</strong></span> <span class='ocrx_word' id='word_1_127' title='bbox 1009 2751 1155 2833; x_wconf 77' lang='lat' dir='ltr'><strong>partem,</strong></span> <span class='ocrx_word' id='word_1_128' title='bbox 1181 2741 1311 2814; x_wconf 84' lang='lat' dir='ltr'><strong>scilieet</strong></span> <span class='ocrx_word' id='word_1_129' title='bbox 1328 2741 1408 2810; x_wconf 88' lang='lat' dir='ltr'><strong>bina</strong></span> <span class='ocrx_word' id='word_1_130' title='bbox 1422 2749 1457 2810; x_wconf 85' lang='lat' dir='ltr'><strong>et</strong></span> <span class='ocrx_word' id='word_1_131' title='bbox 1472 2743 1669 2832; x_wconf 63' lang='lat' dir='ltr'><strong>dimidium·</strong></span> <span class='ocrx_word' id='word_1_132' title='bbox 1687 2748 1738 2814; x_wconf 83' lang='lat' dir='ltr'><strong>vir</strong></span> <span class='ocrx_word' id='word_1_133' title='bbox 1756 2747 1839 2816; x_wconf 86' lang='lat' dir='ltr'><strong>alins</strong></span> <span class='ocrx_word' id='word_1_134' title='bbox 1866 2749 1955 2835; x_wconf 72' lang='lat' dir='ltr'><strong>anit,</strong></span> 
     </span>
     <span class='ocr_line' id='line_1_18' title="bbox 177 2873 1972 2972; baseline 0.003 -27"><span class='ocrx_word' id='word_1_135' title='bbox 177 2875 233 2945; x_wconf 84' lang='lat' dir='ltr'><strong>oni</strong></span> <span class='ocrx_word' id='word_1_136' title='bbox 258 2896 384 2942; x_wconf 88' lang='lat' dir='ltr'><strong>nomen</strong></span> <span class='ocrx_word' id='word_1_137' title='bbox 407 2876 494 2944; x_wconf 81' lang='lat' dir='ltr'><strong>Asos</strong></span> <span class='ocrx_word' id='word_1_138' title='bbox 519 2883 604 2954; x_wconf 79' lang='lat' dir='ltr'><strong>erat3</strong></span> <span class='ocrx_word' id='word_1_139' title='bbox 631 2895 699 2962; x_wconf 90' lang='lat' dir='ltr'><strong>qno</strong></span> <span class='ocrx_word' id='word_1_140' title='bbox 716 2874 757 2940; x_wconf 88' lang='lat' dir='ltr'><strong>iit</strong></span> <span class='ocrx_word' id='word_1_141' title='bbox 775 2883 812 2942; x_wconf 88' lang='lat' dir='ltr'><strong>at</strong></span> <span class='ocrx_word' id='word_1_142' title='bbox 830 2875 940 2942; x_wconf 80' lang='lat' dir='ltr'><strong>mium</strong></span> <span class='ocrx_word' id='word_1_143' title='bbox 957 2873 1043 2944; x_wconf 83' lang='lat' dir='ltr'><strong>haee</strong></span> <span class='ocrx_word' id='word_1_144' title='bbox 1064 2875 1185 2944; x_wconf 85' lang='lat' dir='ltr'><strong>decom</strong></span> <span class='ocrx_word' id='word_1_145' title='bbox 1200 2875 1392 2944; x_wconf 84' lang='lat' dir='ltr'><strong>cubitorum</strong></span> <span class='ocrx_word' id='word_1_146' title='bbox 1412 2895 1492 2964; x_wconf 88' lang='lat' dir='ltr'><strong>pars</strong></span> <span class='ocrx_word' id='word_1_147' title='bbox 1518 2878 1553 2944; x_wconf 89' lang='lat' dir='ltr'><strong>in</strong></span> <span class='ocrx_word' id='word_1_148' title='bbox 1569 2879 1766 2971; x_wconf 76' lang='lat' dir='ltr'><strong>syngrapha</strong></span> <span class='ocrx_word' id='word_1_149' title='bbox 1784 2881 1972 2972; x_wconf 56' lang='lat' dir='ltr'><strong>Greyiana‘</strong></span> 
     </span>
     <span class='ocr_line' id='line_1_19' title="bbox 175 3005 1623 3117; baseline 0 -41"><span class='ocrx_word' id='word_1_150' title='bbox 175 3010 297 3100; x_wconf 88' lang='lat' dir='ltr'><strong>prima,</strong></span> <span class='ocrx_word' id='word_1_151' title='bbox 322 3007 379 3075; x_wconf 86' lang='lat' dir='ltr'><strong>lin.</strong></span> <span class='ocrx_word' id='word_1_152' title='bbox 408 3009 542 3080; x_wconf 86' lang='lat' dir='ltr'><strong>14.1o.</strong></span> <span class='ocrx_word' id='word_1_153' title='bbox 567 3019 601 3076; x_wconf 87' lang='lat' dir='ltr'><strong>et</strong></span> <span class='ocrx_word' id='word_1_154' title='bbox 617 3007 774 3117; x_wconf 73' lang='lat' dir='ltr'><strong>secunda,</strong></span> <span class='ocrx_word' id='word_1_155' title='bbox 799 3005 857 3072; x_wconf 89' lang='lat' dir='ltr'><strong>lin.</strong></span> <span class='ocrx_word' id='word_1_156' title='bbox 876 3006 909 3076; x_wconf 90' lang='lat'><strong>9.</strong></span> <span class='ocrx_word' id='word_1_157' title='bbox 934 3005 990 3076; x_wconf 85' lang='lat'><strong>14.</strong></span> <span class='ocrx_word' id='word_1_158' title='bbox 1014 3007 1148 3078; x_wconf 85' lang='lat' dir='ltr'><strong>17.1s.</strong></span> <span class='ocrx_word' id='word_1_159' title='bbox 1168 3005 1237 3074; x_wconf 90' lang='lat' dir='ltr'><strong>hoo</strong></span> <span class='ocrx_word' id='word_1_160' title='bbox 1259 3005 1364 3072; x_wconf 88' lang='lat' dir='ltr'><strong>modo</strong></span> <span class='ocrx_word' id='word_1_161' title='bbox 1390 3007 1539 3080; x_wconf 78' lang='lat' dir='ltr'><strong>indicate</strong></span> <span class='ocrx_word' id='word_1_162' title='bbox 1563 3013 1623 3077; x_wconf 85' lang='lat' dir='ltr'><strong>sit:</strong></span> 
     </span>
    </p>
   </div>
   <div class='ocr_carea' id='block_1_8' title="bbox 176 3143 1954 3541">
    <p class='ocr_par' dir='ltr' id='par_1_9' title="bbox 176 3143 1954 3541">
     <span class='ocr_line' id='line_1_20' title="bbox 736 3143 1268 3278; baseline -0.009 -27"><span class='ocrx_word' id='word_1_163' title='bbox 736 3143 1268 3278; x_wconf 49' lang='lat' dir='ltr'><strong>flatenen&amp;</strong></span> 
     </span>
     <span class='ocr_line' id='line_1_21' title="bbox 795 3283 1167 3416; baseline -0.016 -14"><span class='ocrx_word' id='word_1_164' title='bbox 795 3283 905 3416; x_wconf 64' lang='grc'><strong>412</strong></span> <span class='ocrx_word' id='word_1_165' title='bbox 1071 3344 1167 3398; x_wconf 72' lang='lat' dir='ltr'><strong>crofta</strong></span> 
     </span>
     <span class='ocr_line' id='line_1_22' title="bbox 176 3445 1954 3541; baseline 0.001 -29"><span class='ocrx_word' id='word_1_166' title='bbox 176 3445 391 3512; x_wconf 85' lang='lat' dir='ltr'><strong>Possessores</strong></span> <span class='ocrx_word' id='word_1_167' title='bbox 420 3445 540 3514; x_wconf 84' lang='lat' dir='ltr'><strong>decem</strong></span> <span class='ocrx_word' id='word_1_168' title='bbox 567 3445 702 3516; x_wconf 90' lang='lat' dir='ltr'><strong>illomm</strong></span> <span class='ocrx_word' id='word_1_169' title='bbox 728 3454 919 3522; x_wconf 88' lang='lat' dir='ltr'><strong>cubitorum</strong></span> <span class='ocrx_word' id='word_1_170' title='bbox 946 3453 1186 3522; x_wconf 79' lang='lat' dir='ltr'><strong>aedificialinm</strong></span> <span class='ocrx_word' id='word_1_171' title='bbox 1217 3471 1330 3541; x_wconf 89' lang='lat' dir='ltr'><strong>prope</strong></span> <span class='ocrx_word' id='word_1_172' title='bbox 1355 3446 1537 3536; x_wconf 84' lang='lat' dir='ltr'><strong>Diospolin</strong></span> <span class='ocrx_word' id='word_1_173' title='bbox 1559 3467 1716 3538; x_wconf 82' lang='lat' dir='ltr'><strong>magnam</strong></span> <span class='ocrx_word' id='word_1_174' title='bbox 1742 3445 1786 3512; x_wconf 90' lang='lat' dir='ltr'><strong>ab</strong></span> <span class='ocrx_word' id='word_1_175' title='bbox 1820 3447 1954 3515; x_wconf 81' lang='lat' dir='ltr'><strong>australi</strong></span> 
     </span>
    </p>
   </div>
   <div class='ocr_carea' id='block_1_9' title="bbox 172 3579 1954 4480">
    <p class='ocr_par' dir='ltr' id='par_1_10' title="bbox 172 3579 1954 4480">
     <span class='ocr_line' id='line_1_23' title="bbox 174 3579 1952 3677; baseline 0.001 -31"><span class='ocrx_word' id='word_1_176' title='bbox 174 3587 275 3672; x_wconf 82' lang='lat' dir='ltr'><strong>parte</strong></span> <span class='ocrx_word' id='word_1_177' title='bbox 300 3581 438 3648; x_wconf 87' lang='lat' dir='ltr'><strong>sitorum</strong></span> <span class='ocrx_word' id='word_1_178' title='bbox 462 3580 614 3650; x_wconf 87' lang='lat' dir='ltr'><strong>homines</strong></span> <span class='ocrx_word' id='word_1_179' title='bbox 643 3595 774 3677; x_wconf 88' lang='lat' dir='ltr'><strong>septem</strong></span> <span class='ocrx_word' id='word_1_180' title='bbox 801 3596 908 3672; x_wconf 84' lang='lat' dir='ltr'><strong>erant,</strong></span> <span class='ocrx_word' id='word_1_181' title='bbox 936 3609 1079 3676; x_wconf 87' lang='lat' dir='ltr'><strong>qnorum</strong></span> <span class='ocrx_word' id='word_1_182' title='bbox 1101 3587 1237 3652; x_wconf 87' lang='lat' dir='ltr'><strong>nomina</strong></span> <span class='ocrx_word' id='word_1_183' title='bbox 1261 3583 1385 3668; x_wconf 88' lang='lat' dir='ltr'><strong>Aleois,</strong></span> <span class='ocrx_word' id='word_1_184' title='bbox 1411 3583 1554 3667; x_wconf 63' lang='lat' dir='ltr'><strong>Lubere,</strong></span> <span class='ocrx_word' id='word_1_185' title='bbox 1580 3581 1738 3666; x_wconf 75' lang='lat' dir='ltr'><strong>&#39;llsaiais‚</strong></span> <span class='ocrx_word' id='word_1_186' title='bbox 1765 3579 1952 3668; x_wconf 69' lang='lat' dir='ltr'><strong>Scammos,</strong></span> 
     </span>
     <span class='ocr_line' id='line_1_24' title="bbox 175 3714 1952 3832; baseline 0 -52"><span class='ocrx_word' id='word_1_187' title='bbox 175 3715 307 3800; x_wconf 75' lang='lat' dir='ltr'><strong>Enicas,</strong></span> <span class='ocrx_word' id='word_1_188' title='bbox 334 3714 596 3832; x_wconf 83' lang='lat' dir='ltr'><strong>Senosorphibis</strong></span> <span class='ocrx_word' id='word_1_189' title='bbox 623 3731 657 3787; x_wconf 90' lang='lat' dir='ltr'><strong>et</strong></span> <span class='ocrx_word' id='word_1_190' title='bbox 681 3721 803 3812; x_wconf 77' lang='lat' dir='ltr'><strong>spois,</strong></span> <span class='ocrx_word' id='word_1_191' title='bbox 831 3721 884 3786; x_wconf 83' lang='lat' dir='ltr'><strong>vel</strong></span> <span class='ocrx_word' id='word_1_192' title='bbox 911 3721 1036 3806; x_wconf 86' lang='lat' dir='ltr'><strong>Sisois‚</strong></span> <span class='ocrx_word' id='word_1_193' title='bbox 1062 3721 1157 3786; x_wconf 87' lang='lat' dir='ltr'><strong>utin</strong></span> <span class='ocrx_word' id='word_1_194' title='bbox 1181 3739 1319 3808; x_wconf 74' lang='lat' dir='ltr'><strong>papyro</strong></span> <span class='ocrx_word' id='word_1_195' title='bbox 1344 3716 1543 3784; x_wconf 87' lang='lat' dir='ltr'><strong>Taurinensi</strong></span> <span class='ocrx_word' id='word_1_196' title='bbox 1570 3718 1733 3806; x_wconf 88' lang='lat' dir='ltr'><strong>scriptum</strong></span> <span class='ocrx_word' id='word_1_197' title='bbox 1759 3737 1830 3781; x_wconf 90' lang='lat' dir='ltr'><strong>esse</strong></span> <span class='ocrx_word' id='word_1_198' title='bbox 1855 3715 1952 3781; x_wconf 88' lang='lat' dir='ltr'><strong>vide-</strong></span> 
     </span>
     <span class='ocr_line' id='line_1_25' title="bbox 172 3845 1953 3946; baseline 0 -34"><span class='ocrx_word' id='word_1_199' title='bbox 172 3855 240 3912; x_wconf 87' lang='lat' dir='ltr'><strong>tur.</strong></span> <span class='ocrx_word' id='word_1_200' title='bbox 292 3847 462 3940; x_wconf 83' lang='lat' dir='ltr'><strong>Majorem</strong></span> <span class='ocrx_word' id='word_1_201' title='bbox 486 3849 607 3921; x_wconf 84' lang='lat' dir='ltr'><strong>decem</strong></span> <span class='ocrx_word' id='word_1_202' title='bbox 630 3855 818 3922; x_wconf 86' lang='lat' dir='ltr'><strong>cubitorum</strong></span> <span class='ocrx_word' id='word_1_203' title='bbox 834 3863 975 3946; x_wconf 86' lang='lat' dir='ltr'><strong>partem,</strong></span> <span class='ocrx_word' id='word_1_204' title='bbox 998 3852 1126 3923; x_wconf 82' lang='lat' dir='ltr'><strong>scilieet</strong></span> <span class='ocrx_word' id='word_1_205' title='bbox 1148 3861 1278 3942; x_wconf 84' lang='lat' dir='ltr'><strong>septem</strong></span> <span class='ocrx_word' id='word_1_206' title='bbox 1297 3862 1331 3918; x_wconf 92' lang='lat' dir='ltr'><strong>et</strong></span> <span class='ocrx_word' id='word_1_207' title='bbox 1353 3850 1539 3934; x_wconf 88' lang='lat' dir='ltr'><strong>dimidium,</strong></span> <span class='ocrx_word' id='word_1_208' title='bbox 1566 3849 1791 3916; x_wconf 84' lang='lat' dir='ltr'><strong>vendiderant</strong></span> <span class='ocrx_word' id='word_1_209' title='bbox 1810 3845 1953 3936; x_wconf 87' lang='lat' dir='ltr'><strong>Teeph-</strong></span> 
     </span>
     <span class='ocr_line' id='line_1_26' title="bbox 177 3979 1954 4081; baseline 0 -35"><span class='ocrx_word' id='word_1_210' title='bbox 177 3979 215 4046; x_wconf 86' lang='lat' dir='ltr'><strong>bi</strong></span> <span class='ocrx_word' id='word_1_211' title='bbox 238 3980 312 4047; x_wconf 88' lang='lat' dir='ltr'><strong>lilio</strong></span> <span class='ocrx_word' id='word_1_212' title='bbox 338 3982 557 4071; x_wconf 81' lang='lat' dir='ltr'><strong>Ammothis,</strong></span> <span class='ocrx_word' id='word_1_213' title='bbox 584 3987 678 4076; x_wconf 86' lang='lat' dir='ltr'><strong>qnod</strong></span> <span class='ocrx_word' id='word_1_214' title='bbox 702 3987 899 4081; x_wconf 82' lang='lat' dir='ltr'><strong>syngrapha</strong></span> <span class='ocrx_word' id='word_1_215' title='bbox 925 3987 1097 4076; x_wconf 77' lang='lat' dir='ltr'><strong>Greyiana</strong></span> <span class='ocrx_word' id='word_1_216' title='bbox 1121 3987 1232 4077; x_wconf 92' lang='lat' dir='ltr'><strong>prima</strong></span> <span class='ocrx_word' id='word_1_217' title='bbox 1259 3985 1429 4062; x_wconf 79' lang='lat' dir='ltr'><strong>declarat3</strong></span> <span class='ocrx_word' id='word_1_218' title='bbox 1455 3983 1619 4048; x_wconf 89' lang='lat' dir='ltr'><strong>minorem</strong></span> <span class='ocrx_word' id='word_1_219' title='bbox 1645 3989 1797 4072; x_wconf 83' lang='lat' dir='ltr'><strong>partem,</strong></span> <span class='ocrx_word' id='word_1_220' title='bbox 1821 3981 1954 4049; x_wconf 80' lang='lat' dir='ltr'><strong>&#39;seilicet</strong></span> 
     </span>
     <span class='ocr_line' id='line_1_27' title="bbox 175 4115 1953 4210; baseline -0.001 -28"><span class='ocrx_word' id='word_1_221' title='bbox 175 4115 258 4182; x_wconf 87' lang='lat' dir='ltr'><strong>bina</strong></span> <span class='ocrx_word' id='word_1_222' title='bbox 283 4123 317 4182; x_wconf 90' lang='lat' dir='ltr'><strong>et</strong></span> <span class='ocrx_word' id='word_1_223' title='bbox 334 4115 521 4205; x_wconf 70' lang='lat' dir='ltr'><strong>dimidium,</strong></span> <span class='ocrx_word' id='word_1_224' title='bbox 545 4121 770 4190; x_wconf 76' lang='lat' dir='ltr'><strong>vendiderant</strong></span> <span class='ocrx_word' id='word_1_225' title='bbox 786 4123 884 4190; x_wconf 80' lang='lat' dir='ltr'><strong>Asoti</strong></span> <span class='ocrx_word' id='word_1_226' title='bbox 908 4123 982 4190; x_wconf 91' lang='lat' dir='ltr'><strong>lilio</strong></span> <span class='ocrx_word' id='word_1_227' title='bbox 1001 4119 1076 4206; x_wconf 91' lang='lat' dir='ltr'><strong>Ori,</strong></span> <span class='ocrx_word' id='word_1_228' title='bbox 1099 4120 1193 4208; x_wconf 88' lang='lat' dir='ltr'><strong>qnod</strong></span> <span class='ocrx_word' id='word_1_229' title='bbox 1220 4117 1418 4210; x_wconf 74' lang='lat' dir='ltr'><strong>syngrapha</strong></span> <span class='ocrx_word' id='word_1_230' title='bbox 1435 4115 1605 4204; x_wconf 76' lang='lat' dir='ltr'><strong>Greyiana</strong></span> <span class='ocrx_word' id='word_1_231' title='bbox 1624 4115 1953 4184; x_wconf 80' lang='lat' dir='ltr'><strong>seennrla&#39;declarot.</strong></span> 
     </span>
     <span class='ocr_line' id='line_1_28' title="bbox 176 4237 1953 4344; baseline 0.003 -28"><span class='ocrx_word' id='word_1_232' title='bbox 176 4247 367 4338; x_wconf 79' lang='lat' dir='ltr'><strong>Utmmqne</strong></span> <span class='ocrx_word' id='word_1_233' title='bbox 387 4259 511 4320; x_wconf 84' lang='lat' dir='ltr'><strong>emtum</strong></span> <span class='ocrx_word' id='word_1_234' title='bbox 527 4255 649 4324; x_wconf 89' lang='lat' dir='ltr'><strong>eodem</strong></span> <span class='ocrx_word' id='word_1_235' title='bbox 668 4257 726 4324; x_wconf 91' lang='lat' dir='ltr'><strong>die</strong></span> <span class='ocrx_word' id='word_1_236' title='bbox 748 4255 955 4344; x_wconf 78' lang='lat' dir='ltr'><strong>factumest,</strong></span> <span class='ocrx_word' id='word_1_237' title='bbox 982 4255 1109 4326; x_wconf 87' lang='lat' dir='ltr'><strong>scilicet</strong></span> <span class='ocrx_word' id='word_1_238' title='bbox 1134 4273 1222 4320; x_wconf 81' lang='lat' dir='ltr'><strong>armo</strong></span> <span class='ocrx_word' id='word_1_239' title='bbox 1247 4237 1404 4322; x_wconf 80' lang='lat' dir='ltr'><strong>vicesimo</strong></span> <span class='ocrx_word' id='word_1_240' title='bbox 1429 4259 1562 4334; x_wconf 75' lang='lat' dir='ltr'><strong>octavo,</strong></span> <span class='ocrx_word' id='word_1_241' title='bbox 1588 4248 1646 4316; x_wconf 89' lang='lat' dir='ltr'><strong>die</strong></span> <span class='ocrx_word' id='word_1_242' title='bbox 1671 4249 1791 4316; x_wconf 87' lang='lat' dir='ltr'><strong>mensis</strong></span> <span class='ocrx_word' id='word_1_243' title='bbox 1809 4247 1953 4321; x_wconf 73' lang='lat' dir='ltr'><strong>Pachon</strong></span> 
     </span>
     <span class='ocr_line' id='line_1_29' title="bbox 178 4381 1953 4480; baseline -0.001 -32"><span class='ocrx_word' id='word_1_244' title='bbox 178 4383 480 4470; x_wconf 80' lang='lat' dir='ltr'><strong>octavodecimo,</strong></span> <span class='ocrx_word' id='word_1_245' title='bbox 519 4387 612 4476; x_wconf 89' lang='lat' dir='ltr'><strong>qnod</strong></span> <span class='ocrx_word' id='word_1_246' title='bbox 639 4390 749 4456; x_wconf 72' lang='lat' dir='ltr'><strong>&#39;verbis</strong></span> <span class='ocrx_word' id='word_1_247' title='bbox 769 4390 939 4459; x_wconf 88' lang='lat' dir='ltr'><strong>enchoriis</strong></span> <span class='ocrx_word' id='word_1_248' title='bbox 964 4410 1086 4479; x_wconf 86' lang='lat' dir='ltr'><strong>supra,</strong></span> <span class='ocrx_word' id='word_1_249' title='bbox 1129 4409 1211 4480; x_wconf 76' lang='lat' dir='ltr'><strong>pag.</strong></span> <span class='ocrx_word' id='word_1_250' title='bbox 1244 4387 1304 4456; x_wconf 88' lang='grc'><strong>54.</strong></span> <span class='ocrx_word' id='word_1_251' title='bbox 1330 4383 1588 4475; x_wconf 83' lang='lat' dir='ltr'><strong>repraesentatis</strong></span> <span class='ocrx_word' id='word_1_252' title='bbox 1613 4383 1649 4448; x_wconf 91' lang='lat' dir='ltr'><strong>in</strong></span> <span class='ocrx_word' id='word_1_253' title='bbox 1673 4381 1845 4468; x_wconf 84' lang='lat' dir='ltr'><strong>utriusque</strong></span> <span class='ocrx_word' id='word_1_254' title='bbox 1871 4402 1953 4470; x_wconf 75' lang='lat' dir='ltr'><strong>syn·</strong></span> 
     </span>
    </p>
   </div>
   <div class='ocr_carea' id='block_1_10' title="bbox 175 4514 2131 4610">
    <p class='ocr_par' dir='ltr' id='par_1_11' title="bbox 175 4514 2131 4610">
     <span class='ocr_line' id='line_1_30' title="bbox 175 4514 2131 4610; baseline -0.004 -28"><span class='ocrx_word' id='word_1_255' title='bbox 175 4515 331 4606; x_wconf 78' lang='lat' dir='ltr'><strong>graphae</strong></span> <span class='ocrx_word' id='word_1_256' title='bbox 353 4521 497 4602; x_wconf 66' lang='lat' dir='ltr'><strong>‚exordio</strong></span> <span class='ocrx_word' id='word_1_257' title='bbox 521 4521 702 4602; x_wconf 67' lang='lat' dir='ltr'><strong>indicatum</strong></span> <span class='ocrx_word' id='word_1_258' title='bbox 727 4523 817 4590; x_wconf 87' lang='lat' dir='ltr'><strong>unde</strong></span> <span class='ocrx_word' id='word_1_259' title='bbox 842 4523 900 4608; x_wconf 87' lang='lat' dir='ltr'><strong>lit,</strong></span> <span class='ocrx_word' id='word_1_260' title='bbox 940 4531 977 4588; x_wconf 89' lang='lat' dir='ltr'><strong>ot</strong></span> <span class='ocrx_word' id='word_1_261' title='bbox 999 4521 1044 4588; x_wconf 88' lang='lat' dir='ltr'><strong>de</strong></span> <span class='ocrx_word' id='word_1_262' title='bbox 1065 4530 1207 4610; x_wconf 87' lang='lat' dir='ltr'><strong>utroque</strong></span> <span class='ocrx_word' id='word_1_263' title='bbox 1232 4529 1322 4588; x_wconf 87' lang='lat' dir='ltr'><strong>emto</strong></span> <span class='ocrx_word' id='word_1_264' title='bbox 1350 4520 1386 4585; x_wconf 89' lang='lat' dir='ltr'><strong>in</strong></span> <span class='ocrx_word' id='word_1_265' title='bbox 1412 4528 1553 4606; x_wconf 84' lang='lat' dir='ltr'><strong>utraque</strong></span> <span class='ocrx_word' id='word_1_266' title='bbox 1579 4514 1776 4608; x_wconf 78' lang='lat' dir='ltr'><strong>syngrapha</strong></span> <span class='ocrx_word' id='word_1_267' title='bbox 1809 4514 1949 4580; x_wconf 85' lang='lat' dir='ltr'><strong>dicator.</strong></span> <span class='ocrx_word' id='word_1_268' title='bbox 2011 4537 2014 4542; x_wconf 94' lang='lat'>·</span> <span class='ocrx_word' id='word_1_269' title='bbox 2129 4523 2131 4528; x_wconf 84' lang='lat'>&#39;</span> 
     </span>
    </p>
   </div>
   <div class='ocr_carea' id='block_1_11' title="bbox 179 4649 1949 5000">
    <p class='ocr_par' dir='ltr' id='par_1_12' title="bbox 179 4649 1949 5000">
     <span class='ocr_line' id='line_1_31' title="bbox 181 4649 1949 4746; baseline -0.005 -30"><span class='ocrx_word' id='word_1_270' title='bbox 181 4649 383 4718; x_wconf 83' lang='lat' dir='ltr'><strong>Exactiones</strong></span> <span class='ocrx_word' id='word_1_271' title='bbox 407 4655 579 4746; x_wconf 81' lang='lat' dir='ltr'><strong>vectigalis</strong></span> <span class='ocrx_word' id='word_1_272' title='bbox 605 4679 703 4744; x_wconf 81' lang='lat' dir='ltr'><strong>vero,</strong></span> <span class='ocrx_word' id='word_1_273' title='bbox 731 4677 816 4746; x_wconf 87' lang='lat' dir='ltr'><strong>qnae</strong></span> <span class='ocrx_word' id='word_1_274' title='bbox 842 4653 1000 4724; x_wconf 86' lang='lat' dir='ltr'><strong>adhaec</strong></span> <span class='ocrx_word' id='word_1_275' title='bbox 1026 4661 1114 4722; x_wconf 88' lang='lat' dir='ltr'><strong>emta</strong></span> <span class='ocrx_word' id='word_1_276' title='bbox 1139 4655 1323 4744; x_wconf 85' lang='lat' dir='ltr'><strong>pertinent,</strong></span> <span class='ocrx_word' id='word_1_277' title='bbox 1353 4653 1488 4722; x_wconf 81' lang='lat' dir='ltr'><strong>diverso</strong></span> <span class='ocrx_word' id='word_1_278' title='bbox 1509 4662 1663 4740; x_wconf 86' lang='lat' dir='ltr'><strong>tempore</strong></span> <span class='ocrx_word' id='word_1_279' title='bbox 1692 4649 1837 4736; x_wconf 87' lang='lat' dir='ltr'><strong>soriptae</strong></span> <span class='ocrx_word' id='word_1_280' title='bbox 1855 4653 1949 4721; x_wconf 87' lang='lat' dir='ltr'><strong>sant;</strong></span> 
     </span>
     <span class='ocr_line' id='line_1_32' title="bbox 179 4759 1582 4874; baseline 0.001 -24"><span class='ocrx_word' id='word_1_281' title='bbox 179 4783 290 4874; x_wconf 89' lang='lat' dir='ltr'><strong>prima</strong></span> <span class='ocrx_word' id='word_1_282' title='bbox 304 4759 434 4856; x_wconf 78' lang='lat' dir='ltr'><strong>seilicet</strong></span> <span class='ocrx_word' id='word_1_283' title='bbox 454 4809 541 4855; x_wconf 83' lang='lat' dir='ltr'><strong>enno</strong></span> <span class='ocrx_word' id='word_1_284' title='bbox 558 4791 715 4860; x_wconf 81' lang='lat' dir='ltr'><strong>vicesimo</strong></span> <span class='ocrx_word' id='word_1_285' title='bbox 735 4801 873 4874; x_wconf 84' lang='lat' dir='ltr'><strong>octavo,</strong></span> <span class='ocrx_word' id='word_1_286' title='bbox 886 4789 954 4857; x_wconf 75' lang='lat' dir='ltr'><strong>‘die</strong></span> <span class='ocrx_word' id='word_1_287' title='bbox 975 4788 1095 4858; x_wconf 89' lang='lat' dir='ltr'><strong>mensis</strong></span> <span class='ocrx_word' id='word_1_288' title='bbox 1115 4787 1245 4856; x_wconf 88' lang='lat' dir='ltr'><strong>Mesori</strong></span> <span class='ocrx_word' id='word_1_289' title='bbox 1262 4787 1419 4856; x_wconf 80' lang='lat' dir='ltr'><strong>vicesimo</strong></span> <span class='ocrx_word' id='word_1_290' title='bbox 1441 4793 1582 4856; x_wconf 80' lang='lat' dir='ltr'><strong>octavo:</strong></span> 
     </span>
     <span class='ocr_line' id='line_1_33' title="bbox 823 4918 1298 5000; baseline 0 -14"><span class='ocrx_word' id='word_1_291' title='bbox 823 4919 920 4986; x_wconf 68' lang='grc' dir='ltr'><strong><em>[τους</em></strong></span> <span class='ocrx_word' id='word_1_292' title='bbox 957 4919 1014 4999; x_wconf 73' lang='grc' dir='ltr'><strong>κη’</strong></span> <span class='ocrx_word' id='word_1_293' title='bbox 1045 4918 1186 4998; x_wconf 64' lang='lat' dir='ltr'><strong>essone</strong></span> <span class='ocrx_word' id='word_1_294' title='bbox 1226 4921 1298 5000; x_wconf 63' lang='lat' dir='ltr'><strong>mre</strong></span> 
     </span>
    </p>
   </div>
   <div class='ocr_carea' id='block_1_12' title="bbox 0 0 2454 6194">
    <p class='ocr_par' dir='ltr' id='par_1_13' title="bbox 0 0 2454 6194">
     <span class='ocr_line' id='line_1_34' title="bbox 0 0 2454 6194; baseline 0 5"><span class='ocrx_word' id='word_1_295' title='bbox 0 0 2454 6194; x_wconf 95' lang='lat' dir='ltr'><strong> </strong></span> 
     </span>
    </p>
   </div>
  </div>
 </body>
</html>
