4898 6194
998 623 1195 646 ·····-·····
1942 600 1992 672 63

219 791 222 796 ·
259 793 262 802 ·
292 769 477 856 σύλληψιν
497 773 572 836 τῶν
594 771 646 836 είς
666 771 733 854 τήν
754 771 925 838 ναυτείαν
944 773 996 857 μή
1019 773 1199 842 ποιεῖσθαι
1224 775 1296 837 τῶν
1317 771 1352 837 τ’
1364 774 1415 837 είς
1430 769 1469 838 τὸ
1483 773 1681 859 βασιλικὸν
1696 775 1991 859 συντελουμένων

291 887 333 955 έν
352 895 429 956 τοῖς
449 891 561 968 ἱεροῖς
582 887 772 974 βυσσίνων

208 1029 256 1093 18.
303 1024 462 1090 όθονέων
485 1019 664 1088 ἀπέλυσεν
684 1023 729 1090 τά
751 1024 818 1091 δύο
838 1021 930 1108 μέρη
951 1024 997 1089 τά
1018 1043 1053 1090 τε
1069 1021 1327 1110 έγλελειμμένα
1347 1027 1466 1091 πάντα
1489 1025 1528 1093 έν
1549 1033 1623 1092 τοῖς
1644 1024 1821 1107 πρότερον
1842 1028 1990 1110 χρόνοις

199 1173 204 1184 =
292 1140 577 1224 ἀποκατέστησεν
600 1142 653 1206 είς
674 1143 739 1224 τήν
761 1147 1004 1228 καθήκουσαν
1024 1143 1132 1216 τάξιν
1154 1145 1364 1227 φροντίζων
1383 1145 1481 1212 ὅπως
1501 1146 1546 1210 τὰ
1567 1143 1756 1228 είθισμένα
1778 1151 1990 1230 συντελῆται

292 1265 366 1326 τοῖς
387 1264 485 1325 θεοῖς
512 1255 667 1324 κατὰτὸ

199 1415 259 1515 Δ19.
301 1417 487 1493 προσῆκον
510 1409 642 1494 ὁμοίως
664 1409 703 1478 δέ
727 1411 789 1476 καί
812 1409 851 1476 τό
881 1412 1026 1479 δίκαιον
1054 1417 1166 1479 πᾶσιν
1197 1407 1385 1494 ἀπένειμεν
1414 1413 1583 1493 καθάπερ
1616 1409 1726 1496 έρμῆς
1749 1410 1901 1497 όμέγας
1924 1413 1986 1477 καὶ

222 1555 236 1584 ο
286 1525 400 1609 μέγας
420 1524 641 1607 προσέταξεν
663 1527 702 1596 δέ
723 1529 787 1596 καί
810 1533 895 1596 τοῦς
917 1529 1276 1614 καταπορευομένους
1298 1529 1339 1595 eu
1352 1547 1388 1594 τε
1402 1534 1474 1596 τῶν
1485 1530 1658 1614 μαχίμων
1679 1533 1742 1598 καί
1764 1535 1838 1596 τῶν
1859 1532 1988 1596 ἀλλων

287 1649 360 1710 τῶν
384 1645 565 1725 ἀλλότρια

203 1805 254 1865 20.
300 1797 567 1881 φρονησάντων
595 1797 634 1864 έν
669 1805 744 1864 τοῖς
775 1798 870 1864 κατὰ
904 1801 970 1882 τήν
1006 1800 1171 1882 ταραχήν
1208 1805 1352 1878 καιροῖς
1388 1798 1633 1864 κατελθόντας
1662 1797 1784 1882 μένειν
1820 1798 1876 1866 ἐπί
1915 1805 1987 1866 τῶν

287 1916 393 1978 ίέίων
419 1919 582 1998 κτήσεων
610 1921 817 2000 προενοήθη
846 1915 885 1982 δέ
915 1917 977 1982 καί
1018 1916 1115 1982 ὅπως
1152 1915 1449 1988 έΕαποσταλῶσιν
1477 1917 1648 1999 δυνάμεις
1684 1918 1828 1984 ίκπικαέ
1855 1935 1892 1981 τε
1922 1916 1985 1982 καί

286 2030 433 2104 πεζικαί
456 2029 520 2096 καί
543 2039 629 2116 νήες
650 2031 705 2098 έπλ
727 2031 814 2098 τοὺς
840 2033 1059 2098 ἐπελθόντας

172 2193 257 2262 ,21.
303 2183 356 2254 έπί
392 2188 457 2268 τήν
491 2184 668 2264 αίγυπτον
701 2185 795 2249 κατά
827 2203 862 2250 τε
892 2187 958 2266 τήν
991 2187 1187 2258 θάλασσαν
1223 2185 1286 2250 καί
1314 2185 1380 2267 τήν
1415 2185 1564 2266 ήπειρον
1595 2183 1792 2268 ὑπομείνας
1820 2183 1987 2251 όίεπάνας

289 2304 493 2382 ἀργυρικάς
529 2321 564 2366 τε
602 2299 665 2366 καί
700 2301 835 2366 σιτικός
866 2303 1031 2384 μεγάλας
1066 2302 1164 2368 ὅπως
1195 2303 1241 2366 τὰ
1276 2303 1315 2368 θ’
1342 2302 1427 2381 ἱερά
1454 2301 1517 2366 καί
1550 2305 1585 2369 οέ
1615 2301 1654 2368 έν
1682 2301 1774 2386 αὐτῇ
1796 2301 1926 2366 πάντες
1947 2299 1986 2364 έν

288 2419 478 2505 ἀσφαλείᾳ
498 2411 590 2482 ὦσιν
610 2419 838 2502 παραγινόμε
1887 2443 1891 2450 ·

202 2577 256 2640 22
301 2587 365 2634 νος
387 2568 424 2636 δέ
447 2570 509 2635 καί
533 2570 584 2634 είς
604 2567 733 2634 λύκων
754 2572 861 2634 πόλιν
882 2572 946 2654 τήν
968 2570 1007 2636 ἐν
1028 2575 1078 2658 τῷ
1093 2571 1282 2656 βουσιρίτη
1300 2573 1322 2652 ἦ
1339 2566 1385 2654 ἦν
1400 2567 1664 2653 κατειλημμένη
1682 2569 1747 2635 καί
1763 2567 1986 2652 ὠχυρωμένη

289 2685 378 2768 πρὸς
405 2686 624 2768 πολιορκίαν
655 2687 780 2752 ὅπλων
808 2707 845 2752 τε
868 2686 1066 2766 παραθέσει
1091 2685 1329 2772 δαυιλεστίρᾳ
1359 2687 1423 2752 καί
1447 2693 1490 2771 τῇ
1512 2689 1612 2772 άλλη
1634 2690 1793 2774 χορηγίᾳ
1813 2690 1912 2772 πόση
1936 2685 1986 2750 aar
2017 2741 2023 2752 .

206 2839 210 2844 ·
287 2807 335 2870 ἀν
356 2805 396 2872 έκ
418 2807 563 2872 πολλοῦ

201 2947 252 3009 23.
295 2939 435 3021 χρόνου
459 2938 716 3023 συνεστηκυίας
733 2948 798 3024 τῆς
818 2940 1095 3023 ἀλλοτριότητος
1122 2948 1197 3006 τοῖς
1227 2939 1521 3021 έπεσυναχθεῖσιν
1550 2940 1602 3002 είς
1624 2936 1737 3024 αὐτήν
1758 2937 1927 3022 ἀσεβέσιν
1951 2937 1987 3001 οἳ

287 3055 387 3143 ήσαν
409 3057 461 3122 είς
485 3077 520 3122 τε
542 3055 587 3122 τὰ
601 3056 691 3134 ίερὰ
713 3057 775 3122 καί
799 3055 885 3124 τοὺς
907 3056 945 3122 έν
966 3057 1137 3144 αίγύπτφ
1152 3062 1414 3124 κατοικοῦντας
1428 3054 1551 3122 πολλὰ
1564 3054 1666 3120 κακὰ
1679 3053 1986 3137 συντετελεσμένον

285 3175 350 3244 καί
384 3177 432 3240 ἀν

204 3319 255 3380 24.
299 3311 492 3376 τικαθίσας
514 3307 682 3391 χώμασίν
704 3331 739 3374 τε
764 3310 827 3374 καί
851 3312 1007 3393 τάφροις
1029 3307 1095 3374 καί
1116 3309 1270 3391 τείχεσιν
1301 3305 1417 3388 αὐτήν
1445 3303 1657 3386 ἀξιολόγοις
1684 3304 1899 3386 περιέλαβεν
1919 3310 1986 3370 τοῦ

286 3451 321 3496 τε
352 3429 486 3494 νείλου.
509 3429 577 3510 τήν.
606 3428 793 3511 ἀντίβασιν
818 3429 987 3512 μεγάλην
1016 3425 1259 3510 ποιησαμένου
1288 3425 1327 3492 έν
1356 3427 1405 3502 τῷ
1435 3421 1557 3510 όγδόφ
1586 3423 1653 3489 ἔτει
1685 3422 1748 3488 καί
1779 3421 1985 3512 είθεσμένογ

289 3546 550 3620 κατακλύζειν,
565 3544 610 3610 τὰ

199 3687 253 3754 26.
297 3683 403 3749 πεδία
425 3678 599 3762 κατέσχεν
620 3679 660 3747 έκ
683 3683 832 3748 πολλῶν
853 3685 973 3747 τόπων
994 3678 1188 3760 όχυρόισας
1218 3679 1262 3743 τὰ
1292 3679 1450 3760 στόματα
1478 3679 1550 3742 τῶν
1578 3681 1747 3760 ποταμῶν
1774 3657 1984 3761 χορηγήσας

286 3804 337 3870 είς
360 3799 452 3865 αὐτὰ
472 3801 670 3882 χρημάτων
692 3801 832 3879 πλῆθος
855 3797 921 3862 οὐκ
946 3799 1074 3879 ὀλίγον
1104 3797 1167 3862 καί
1200 3801 1428 3878 καταστήσας
1460 3795 1576 3859 ίππεῐς
1597 3815 1632 3858 τε
1656 3794 1719 3858 καλ
1742 3791 1874 3866 πεζοὺς
1894 3788 1984 3873 πρὸς

283 3927 326 4006 τῇ
355 3921 509 4002 φυλακῇ

199 4063 249 4124 26.
296 4053 418 4118 αὐτῶν
440 4051 478 4118 έν
501 4052 615 4136 όλίγφ
637 4049 762 4136 χρόνῳ
785 4056 851 4136 τήν
872 4067 907 4112 τε
929 4049 1038 4116 πόλιν
1061 4050 1290 4128 κατακράτος
1320 4003 1432 4110 είλενΙ
1450 4042 1512 4108 καί
1542 4005 1627 4108 τοὺς
1656 4041 1695 4107 έν
1724 4042 1816 4130 αὐτῇ
1839 4005 1985 4126 ἀσεβεῖς

284 4173 422 4240 πάντας
445 4165 649 4251 διέφθειρεν
674 4169 840 4247 καθάπερ
865 4164 975 4251 έρμής
997 4168 1060 4232 καί
1084 4161 1215 4246 ὦροςό
1235 4173 1296 4248 τῆς
1312 4163 1403 4227 ίσιος
1420 4160 1482 4226 καί
1497 4159 1634 4239 όσίριος
1647 4157 1726 4224 υίὸς
1741 4157 1982 4272 ἐχειρώσαντο

284 4287 367 4354 τοὺς
390 4286 429 4354 έν
450 4294 523 4352 τοῖς
556 4285 678 4350 αὐτοῖς

200 4431 254 4494 27.
298 4423 415 4489 τόποις
437 4421 663 4486 ἀποστάντας
685 4418 861 4496 πρότερον
879 4415 965 4483 τοὺς
988 4413 1296 4502 ἀφηγησαμένους
1323 4417 1395 4478 τῶν
1426 4413 1661 4479 ἀποστάντων
1685 4408 1739 4476 έπί
1762 4413 1828 4474 τοῦ
1851 4405 1982 4506 ἑαυτοῦ

283 4540 414 4622 πατρὸς
438 4541 499 4604 καί
524 4540 588 4618 τήν
610 4535 740 4616 χώραν
760 4534 1056 4622 ἐκπορθήσαντας
1079 4536 1141 4600 καί
1165 4533 1209 4599 τὰ
1231 4532 1313 4613 ἱερὰ
1326 4533 1571 4618 ἀδικήσαντας
1602 4525 1899 4610 παραγενόμενος
1931 4509 2002 4606 είς,

277 4643 415 4744 μέμφιν
438 4654 633 4738 έπαμύνων

197 4803 248 4866 28.
290 4799 340 4880 τῷ
363 4793 470 4871 πατρί
493 4791 556 4857 καί
580 4797 621 4875 τῇ
652 4786 784 4854 ἑαυτοῦ
817 4785 989 4874 βασιλεία
1018 4788 1155 4854 πάντας
1184 4786 1363 4852 ἐκόλασεν
1393 4781 1630 4866 καθηκόντως
1661 4784 1747 4846 καθ’
1777 4779 1821 4841 ίίν
1850 4773 1982 4854 καιρὸν

283 4913 515 4992 παρεγενήθη
552 4907 642 4988 πρὸς
673 4905 713 4974 τὸ
747 4911 1031 4990 συντελεσθῆναι
1061 4902 1107 4968 τά
1144 4911 1377 4988 προσήκοντα
1414 4901 1551 4985 νόμιμα
1589 4901 1633 4982 τῇ
1670 4897 1878 4979 παραλήήει
1919 4902 1983 4978 τῆς

283 5027 475 5115 βασιλείας
497 5029 646 5112 ἀφῆκεν
677 5025 715 5092 δέ
739 5027 801 5092 καί
824 5025 869 5090 τὰ
889 5023 928 5089 έν
1471 5045 1477 5058 ·
1573 5045 1576 5054 ·
1656 5043 1659 5052 ·
