4898 6194
801 1841 805 1848 ’
935 1843 1234 1973 CAPUT
1298 1876 1733 1983 TERTIUM.

516 2133 611 2193 DE
670 2132 928 2198 Nonls
988 2135 1544 2199 NUMERORUM
1603 2136 2117 2200 ENCHORIIS.

557 2593 849 2690 ffieroglyphicas
872 2609 1210 2670 nnrnnornrnnotas
1234 2605 1339 2693 primi
1364 2604 1619 2694 explicaverunt
1642 2601 1845 2686 Jomardns,
1892 2600 1930 2666 in
1953 2598 2051 2670 ,libro
2084 2595 2213 2667 scilicet

429 2732 489 2819 qni
513 2729 693 2821 inscriptas
717 2739 788 2802 eat:
838 2732 964 2804 Notice
989 2735 1258 2828 snr·les.s1}ncs
1282 2733 1497 2826 nnmdriqres
1531 2738 1594 2807 des
1619 2736 1823 2829 Egyptiens.
1875 2734 1990 2820 Paris,
2026 2732 2136 2804 1819.
2162 2741 2216 2826 at-

430 2884 498 2952 que
523 2863 698 2956 Yonngios
724 2865 762 2932 in
784 2864 924 2953 libello,
961 2889 1068 2956 quern
1092 2870 1279 2958 inscripsit:
1314 2869 1607 2963 Hieroglyphical
1624 2869 1867 2957 .vocahniary;.
1890 2868 2058 2954 london,
2102 2865 2216 2944 181&

428 2997 617 3086 remque
653 2998 825 3066 coenem
858 3001 989 3069 curave
1022 3002 1058 3084 ’ω
1086 3002 1195 3070 norm
1248 3004 1532 3095 nnoyoopaena
1562 3004 1778 3083 necaonem
1817 3001 2047 3092 merlemont
2083 3001 2151 3069 vol·
2179 3000 2213 3073 4.

428 3129 539 3204 1819.
590 3131 725 3202 Deinde
751 3132 1032 3226 champollicnns
1059 3135 1190 3226 aliquot
1215 3159 1432 3206 numerorum
1457 3147 1553 3206 notas
1579 3138 1777 3224 hieratieas‚
1804 3139 1839 3204 in
1869 3135 2064 3226 fragmento
2088 3137 2214 3227 papyri

424 3259 584 3334 hieratici
609 3277 773 3358 repertas,
798 3268 909 3338 edidit
934 3270 969 3336 in
1003 3269 1112 3340 libro:
1163 3271 1456 3364 fflerogiyphics3
1494 3273 1623 3342 second
1657 3273 1854 3352 fascienlns3
1883 3268 2064 3355 „London‚
2105 3270 2221 3340 1828..

426 3397 496 3466 tab.
524 3396 583 3466 37.
636 3399 827 3476 Enchorias
851 3422 1070 3474 numerorum
1095 3411 1193 3472 notas
1219 3405 1397 3472 nonnullas
1431 3427 1642 3499 cognoscere
1671 3406 1798 3476 licebat
1832 3425 1874 3472 ex
1903 3405 2014 3508 titolo
2034 3405 2217 3478 Rosettenss

427 3531 475 3615 ei,
518 3551 704 3621 corumque.
744 3555 957 3626 papyrcmm
1001 3537 1241 3608 enchoriornm
1282 3539 1445 3626 exordiis,
1488 3542 1525 3608 in
1559 3540 1679 3629 quibus
1725 3539 1771 3608 ad
1813 3538 2045 3630 syngraphum
2085 3535 2214 3610 encho-

425 3663 510 3730 rionr
535 3679 662 3756 graeca
688 3687 825 3757 quoqne
850 3669 1026 3762 vectigalis
1053 3672 1184 3742 exactio
1209 3671 1383 3764 adscripta
1408 3675 1566 3746 cernitur.
1617 3673 1754 3742 Eodem
1778 3674 1867 3741 enirn
1886 3674 2088 3764 plerumque
2113 3693 2213 3756 anno,

428 3817 498 3886 qno
524 3799 628 3864 emtio
655 3799 748 3870 iacta
772 3811 863 3889 erat,
907 3804 1010 3872 etiam
1035 3807 1185 3900 vectigal
1211 3808 1306 3897 qnod
1331 3809 1452 3876 emtori
1476 3808 1672 3901 impositum
1697 3817 1768 3876 erat
1798 3809 1944 3876 solutum
1969 3828 2040 3874 esse
2065 3787 2214 3888 videtur3

426 3929 518 3998 unde
543 3931 606 4018 tit,
632 3943 669 4000 nt
696 3935 754 4024 qui
780 3958 886 4006 onnus
909 3938 946 4008 in
972 3939 1147 4010 exactione
1170 3941 1347 4035 vectigniis
1373 3942 1517 4033 scriptus
1543 3943 1599 4030 sit,
1634 3942 1728 4014 idem
1753 3965 1856 4040 saepe
1882 3914 2045 4008 etiamid
2071 3898 2212 4016 erordid

429 4065 648 4162 syngraphae
674 4067 856 4140 enchoriae
880 4073 1027 4168 scriptus
1052 4073 1196 4166 legetur.
1250 4076 1545 4162 Quemadmodum
1579 4076 1614 4144 in
1638 4098 1775 4169 papyro
1800 4053 2012 4150 Berolinensi
2044 4075 2213 4149 tricesimo

427 4205 549 4268 octavo
576 4202 707 4272 exactio
733 4203 908 4300 vectigalis
933 4227 1060 4301 graeca
1082 4205 1172 4281 haec
1198 4210 1366 4280 vocabula
1388 4209 1496 4282 hahet
1524 4210 1652 4304 prima:

1224 4338 1325 4406 ἔτους
1347 4341 1408 4403 λα’

425 4458 527 4540 atqne
546 4451 699 4546 ejusdcm
716 4457 843 4549 papyri
864 4455 1062 4554 syngrapha
1080 4459 1244 4532 enchoria
1263 4463 1308 4531 ab
1331 4461 1384 4529 his
1408 4461 1582 4532 vocabulis
1602 4461 1752 4536 orditur:

1188 4600 1279 4719 ta
1335 4599 1479 4750 'eh

1199 4810 1234 4867 st
1279 4755 1304 4877 Ξ
1349 4827 1424 4864 anno

423 4904 471 4970 ita
495 4913 533 4972 nt
570 4909 666 4996 qnod
697 4910 741 4976 sit
766 4909 896 4979 nnmeri
924 4912 1084 4982 tricesimi
1108 4918 1209 5007 primi
1237 4920 1371 5011 signnm
1406 4917 1621 5004 eucherium,
1660 4937 1704 4986 ex
1727 4913 1797 4988 hoc
1822 4915 2039 5010 syngraphae
2067 4914 2208 4985 exordio

422 5040 587 5132 cognosci
604 5043 721 5130 possit.
773 5045 821 5116 Aa
838 5065 908 5114 non
937 5067 1052 5118 omnes
1068 5059 1183 5122 tomen
1204 5061 1306 5122 nntoe
1323 5075 1537 5124 numeroram
1563 5052 1743 5124 enchoriae
1763 5052 1831 5123 hoc
1850 5018 1958 5122 modo
1974 5051 2118 5144 reperiri
2136 5069 2206 5142 po-

410 5349 438 5390 ι’
