<?xml version="1.0" encoding="UTF-8"?>
<!DOCTYPE html PUBLIC "-//W3C//DTD XHTML 1.0 Transitional//EN"
    "http://www.w3.org/TR/xhtml1/DTD/xhtml1-transitional.dtd">
<html xmlns="http://www.w3.org/1999/xhtml" xml:lang="en" lang="en">
 <head>
  <title>
</title>
<meta http-equiv="Content-Type" content="text/html;charset=utf-8" />
  <meta name='ocr-system' content='tesseract 3.04.00' />
  <meta name='ocr-capabilities' content='ocr_page ocr_carea ocr_par ocr_line ocrx_word'/>
</head>
<body>
  <div class='ocr_page' id='page_1' title='image "./depriscaaegypti00kosegoog_0008.png"; bbox 0 0 4898 6194; ppageno 0'>
   <div class='ocr_carea' id='block_1_1' title="bbox 719 1554 1434 1666">
    <p class='ocr_par' dir='ltr' id='par_1_1' title="bbox 719 1554 1434 1666">
     <span class='ocr_line' id='line_1_1' title="bbox 719 1554 1434 1666; baseline 0.008 -7"><span class='ocrx_word' id='word_1_1' title='bbox 719 1554 1434 1666; x_wconf 61' lang='lat' dir='ltr'>-Rraefatim</span> 
     </span>
    </p>
   </div>
   <div class='ocr_carea' id='block_1_2' title="bbox 980 1866 1214 1880">
    <p class='ocr_par' dir='ltr' id='par_1_2' title="bbox 980 1866 1214 1880">
     <span class='ocr_line' id='line_1_2' title="bbox 980 1866 1214 1880; baseline 0.009 -2"><span class='ocrx_word' id='word_1_2' title='bbox 980 1866 1214 1880; x_wconf 53' lang='grc' dir='ltr'>-υ--ι-</span> 
     </span>
    </p>
   </div>
   <div class='ocr_carea' id='block_1_3' title="bbox 207 2123 1987 2672">
    <p class='ocr_par' dir='ltr' id='par_1_3' title="bbox 207 2123 1987 2658">
     <span class='ocr_line' id='line_1_3' title="bbox 362 2123 1986 2296; baseline 0.004 -70"><span class='ocrx_word' id='word_1_3' title='bbox 362 2154 592 2232; x_wconf 76' lang='lat' dir='ltr'>voluminum</span> <span class='ocrx_word' id='word_1_4' title='bbox 622 2157 935 2258; x_wconf 85' lang='lat' dir='ltr'>aegyptiacorum,</span> <span class='ocrx_word' id='word_1_5' title='bbox 973 2167 1163 2234; x_wconf 88' lang='lat' dir='ltr'>eteorum</span> <span class='ocrx_word' id='word_1_6' title='bbox 1200 2157 1358 2234; x_wconf 78' lang='lat' dir='ltr'>maxiem</span> <span class='ocrx_word' id='word_1_7' title='bbox 1390 2183 1496 2258; x_wconf 85' lang='lat' dir='ltr'>quae</span> <span class='ocrx_word' id='word_1_8' title='bbox 1506 2159 1544 2234; x_wconf 93' lang='lat' dir='ltr'>in</span> <span class='ocrx_word' id='word_1_9' title='bbox 1572 2158 1825 2234; x_wconf 81' lang='lat' dir='ltr'><strong>bibliothecam</strong></span> <span class='ocrx_word' id='word_1_10' title='bbox 1829 2123 1986 2296; x_wconf 79' lang='lat' dir='ltr'>regiam</span> 
     </span>
     <span class='ocr_line' id='line_1_4' title="bbox 208 2255 1986 2410; baseline 0.004 -48"><span class='ocrx_word' id='word_1_11' title='bbox 208 2287 484 2363; x_wconf 89' lang='lat' dir='ltr'>Berolinensem</span> <span class='ocrx_word' id='word_1_12' title='bbox 510 2289 662 2364; x_wconf 68' lang='lat' dir='ltr'>adiecta</span> <span class='ocrx_word' id='word_1_13' title='bbox 689 2301 774 2365; x_wconf 91' lang='lat' dir='ltr'>sunt</span> <span class='ocrx_word' id='word_1_14' title='bbox 786 2303 992 2391; x_wconf 87' lang='lat' dir='ltr'>,quantum</span> <span class='ocrx_word' id='word_1_15' title='bbox 1014 2317 1162 2392; x_wconf 90' lang='lat' dir='ltr'>possem</span> <span class='ocrx_word' id='word_1_16' title='bbox 1180 2291 1535 2408; x_wconf 85' lang='lat' dir='ltr'>interpretandorum</span> <span class='ocrx_word' id='word_1_17' title='bbox 1558 2290 1681 2408; x_wconf 87' lang='lat' dir='ltr'>studio</span> <span class='ocrx_word' id='word_1_18' title='bbox 1705 2255 1848 2382; x_wconf 83' lang='lat' dir='ltr'>ductus,</span> <span class='ocrx_word' id='word_1_19' title='bbox 1868 2281 1986 2410; x_wconf 80' lang='lat' dir='ltr'>prima</span> 
     </span>
     <span class='ocr_line' id='line_1_5' title="bbox 208 2416 1987 2550; baseline 0.003 -56"><span class='ocrx_word' id='word_1_20' title='bbox 208 2421 346 2520; x_wconf 79' lang='lat' dir='ltr'><strong>aliquot</strong></span> <span class='ocrx_word' id='word_1_21' title='bbox 373 2422 680 2550; x_wconf 74' lang='lat' dir='ltr'>interpretationis</span> <span class='ocrx_word' id='word_1_22' title='bbox 708 2427 883 2500; x_wconf 87' lang='lat' dir='ltr'>elementa</span> <span class='ocrx_word' id='word_1_23' title='bbox 909 2428 976 2500; x_wconf 88' lang='lat' dir='ltr'>hac</span> <span class='ocrx_word' id='word_1_24' title='bbox 1002 2425 1301 2500; x_wconf 80' lang='lat' dir='ltr'>commentatione</span> <span class='ocrx_word' id='word_1_25' title='bbox 1329 2425 1547 2530; x_wconf 84' lang='lat' dir='ltr'>exponenda</span> <span class='ocrx_word' id='word_1_26' title='bbox 1576 2416 1659 2499; x_wconf 84' lang='lat' dir='ltr'>esse</span> <span class='ocrx_word' id='word_1_27' title='bbox 1688 2435 1790 2534; x_wconf 82' lang='lat' dir='ltr'>ratus</span> <span class='ocrx_word' id='word_1_28' title='bbox 1818 2448 1916 2514; x_wconf 93' lang='lat' dir='ltr'>sum,</span> <span class='ocrx_word' id='word_1_29' title='bbox 1945 2425 1987 2499; x_wconf 89' lang='lat' dir='ltr'>ut</span> 
     </span>
     <span class='ocr_line' id='line_1_6' title="bbox 207 2521 1985 2672; baseline 0.001 -44"><span class='ocrx_word' id='word_1_30' title='bbox 207 2554 265 2628; x_wconf 92' lang='lat' dir='ltr'>his</span> <span class='ocrx_word' id='word_1_31' title='bbox 293 2555 504 2654; x_wconf 80' lang='lat' dir='ltr'>praemissis</span> <span class='ocrx_word' id='word_1_32' title='bbox 528 2568 698 2672; x_wconf 83' lang='lat' dir='ltr'>tanquam</span> <span class='ocrx_word' id='word_1_33' title='bbox 726 2559 910 2634; x_wconf 89' lang='lat' dir='ltr'>accinctus</span> <span class='ocrx_word' id='word_1_34' title='bbox 932 2560 979 2632; x_wconf 92' lang='lat' dir='ltr'>ad</span> <span class='ocrx_word' id='word_1_35' title='bbox 1007 2559 1223 2670; x_wconf 84' lang='lat' dir='ltr'>explicanda</span> <span class='ocrx_word' id='word_1_36' title='bbox 1252 2558 1489 2632; x_wconf 90' lang='lat' dir='ltr'>volumina</span> <span class='ocrx_word' id='word_1_37' title='bbox 1458 2584 1539 2632; x_wconf 75' lang='lat' dir='ltr'>srnr</span> <span class='ocrx_word' id='word_1_38' title='bbox 1516 2559 1599 2662; x_wconf 92' lang='lat' dir='ltr'>gula</span> <span class='ocrx_word' id='word_1_39' title='bbox 1624 2521 1797 2657; x_wconf 75' lang='lat' dir='ltr'>progredi</span> <span class='ocrx_word' id='word_1_40' title='bbox 1827 2550 1985 2670; x_wconf 84' lang='lat' dir='ltr'>possem&#39;</span> 
     </span>
    </p>
   </div>
   <div class='ocr_carea' id='block_1_4' title="bbox 71 2685 1988 2798">
    <p class='ocr_par' dir='ltr' id='par_1_4' title="bbox 71 2685 1988 2798">
     <span class='ocr_line' id='line_1_7' title="bbox 71 2685 1988 2798; baseline 0.001 -38"><span class='ocrx_word' id='word_1_41' title='bbox 71 2777 76 2794; x_wconf 38' lang='lat'><strong>·</strong></span> <span class='ocrx_word' id='word_1_42' title='bbox 206 2685 265 2760; x_wconf 88' lang='lat' dir='ltr'>Do</span> <span class='ocrx_word' id='word_1_43' title='bbox 295 2689 424 2762; x_wconf 91' lang='lat' dir='ltr'>litteris</span> <span class='ocrx_word' id='word_1_44' title='bbox 449 2689 593 2789; x_wconf 90' lang='lat' dir='ltr'>itaque,</span> <span class='ocrx_word' id='word_1_45' title='bbox 632 2701 668 2765; x_wconf 93' lang='lat' dir='ltr'>et</span> <span class='ocrx_word' id='word_1_46' title='bbox 698 2692 821 2790; x_wconf 79' lang='lat' dir='ltr'>siglis,</span> <span class='ocrx_word' id='word_1_47' title='bbox 864 2700 901 2766; x_wconf 90' lang='lat' dir='ltr'>et</span> <span class='ocrx_word' id='word_1_48' title='bbox 930 2716 1165 2768; x_wconf 88' lang='lat' dir='ltr'>numerorum</span> <span class='ocrx_word' id='word_1_49' title='bbox 1186 2693 1320 2792; x_wconf 90' lang='lat' dir='ltr'>signis,</span> <span class='ocrx_word' id='word_1_50' title='bbox 1358 2717 1451 2791; x_wconf 84' lang='lat' dir='ltr'>quae</span> <span class='ocrx_word' id='word_1_51' title='bbox 1484 2691 1521 2765; x_wconf 96' lang='lat' dir='ltr'>in</span> <span class='ocrx_word' id='word_1_52' title='bbox 1550 2691 1732 2798; x_wconf 86' lang='lat' dir='ltr'>scriptura</span> <span class='ocrx_word' id='word_1_53' title='bbox 1770 2688 1988 2793; x_wconf 85' lang='lat' dir='ltr'>aegyptiaca</span> 
     </span>
    </p>
   </div>
   <div class='ocr_carea' id='block_1_5' title="bbox 124 2799 2030 4915">
    <p class='ocr_par' dir='ltr' id='par_1_5' title="bbox 204 2799 1988 3187">
     <span class='ocr_line' id='line_1_8' title="bbox 207 2799 1988 2934; baseline 0.006 -42"><span class='ocrx_word' id='word_1_54' title='bbox 207 2821 376 2898; x_wconf 84' lang='lat' dir='ltr'>enchoria</span> <span class='ocrx_word' id='word_1_55' title='bbox 406 2823 747 2922; x_wconf 86' lang='lat' dir='ltr'>deprehenduntur,</span> <span class='ocrx_word' id='word_1_56' title='bbox 781 2825 984 2925; x_wconf 86' lang='lat' dir='ltr'>disputavi,</span> <span class='ocrx_word' id='word_1_57' title='bbox 1028 2827 1146 2926; x_wconf 87' lang='lat' dir='ltr'>quoad</span> <span class='ocrx_word' id='word_1_58' title='bbox 1186 2826 1341 2900; x_wconf 89' lang='lat' dir='ltr'>certiora</span> <span class='ocrx_word' id='word_1_59' title='bbox 1376 2825 1422 2900; x_wconf 92' lang='lat' dir='ltr'>de</span> <span class='ocrx_word' id='word_1_60' title='bbox 1451 2825 1508 2899; x_wconf 91' lang='lat' dir='ltr'>his</span> <span class='ocrx_word' id='word_1_61' title='bbox 1528 2825 1650 2934; x_wconf 82' lang='lat' dir='ltr'>rebus</span> <span class='ocrx_word' id='word_1_62' title='bbox 1696 2822 1841 2897; x_wconf 85' lang='lat' dir='ltr'>tradere</span> <span class='ocrx_word' id='word_1_63' title='bbox 1873 2799 1988 2929; x_wconf 80' lang='lat' dir='ltr'>potud·</span> 
     </span>
     <span class='ocr_line' id='line_1_9' title="bbox 204 2917 1986 3072; baseline 0.001 -46"><span class='ocrx_word' id='word_1_64' title='bbox 204 2954 350 3052; x_wconf 73' lang='lat' dir='ltr'>Qrdbus</span> <span class='ocrx_word' id='word_1_65' title='bbox 371 2957 593 3032; x_wconf 91' lang='lat' dir='ltr'>elementis</span> <span class='ocrx_word' id='word_1_66' title='bbox 574 2984 612 3032; x_wconf 90' lang='grc' dir='ltr'>ιιι</span> <span class='ocrx_word' id='word_1_67' title='bbox 631 2958 857 3058; x_wconf 88' lang='lat' dir='ltr'>exponendis</span> <span class='ocrx_word' id='word_1_68' title='bbox 876 2960 956 3034; x_wconf 89' lang='lat' dir='ltr'>fiori</span> <span class='ocrx_word' id='word_1_69' title='bbox 980 2960 1085 3034; x_wconf 90' lang='lat' dir='ltr'>aliter</span> <span class='ocrx_word' id='word_1_70' title='bbox 1101 2984 1173 3036; x_wconf 94' lang='lat' dir='ltr'>non</span> <span class='ocrx_word' id='word_1_71' title='bbox 1195 2960 1324 3059; x_wconf 85' lang='lat' dir='ltr'>potuit,</span> <span class='ocrx_word' id='word_1_72' title='bbox 1349 2984 1455 3072; x_wconf 87' lang='lat' dir='ltr'>quam</span> <span class='ocrx_word' id='word_1_73' title='bbox 1479 2969 1521 3032; x_wconf 93' lang='lat' dir='ltr'>ut</span> <span class='ocrx_word' id='word_1_74' title='bbox 1528 2917 1746 3071; x_wconf 79' lang='lat' dir='ltr'>duumviris</span> <span class='ocrx_word' id='word_1_75' title='bbox 1762 2949 1808 3030; x_wconf 87' lang='lat' dir='ltr'>de</span> <span class='ocrx_word' id='word_1_76' title='bbox 1828 2953 1986 3072; x_wconf 85' lang='lat' dir='ltr'>antiquis</span> 
     </span>
     <span class='ocr_line' id='line_1_10' title="bbox 206 3053 1987 3187; baseline 0.003 -32"><span class='ocrx_word' id='word_1_77' title='bbox 206 3083 337 3158; x_wconf 88' lang='lat' dir='ltr'>litteris</span> <span class='ocrx_word' id='word_1_78' title='bbox 366 3090 590 3184; x_wconf 79' lang='lat' dir='ltr'>aegyptiacis</span> <span class='ocrx_word' id='word_1_79' title='bbox 614 3115 684 3185; x_wconf 89' lang='lat' dir='ltr'>qua</span> <span class='ocrx_word' id='word_1_80' title='bbox 664 3117 720 3162; x_wconf 69' lang='lat' dir='ltr'>arn</span> <span class='ocrx_word' id='word_1_81' title='bbox 745 3092 901 3163; x_wconf 86' lang='lat' dir='ltr'>maxime</span> <span class='ocrx_word' id='word_1_82' title='bbox 927 3093 1085 3182; x_wconf 91' lang='lat' dir='ltr'>meritis,</span> <span class='ocrx_word' id='word_1_83' title='bbox 1131 3092 1304 3186; x_wconf 88' lang='lat' dir='ltr'>Youngio</span> <span class='ocrx_word' id='word_1_84' title='bbox 1331 3100 1368 3164; x_wconf 91' lang='lat' dir='ltr'>et</span> <span class='ocrx_word' id='word_1_85' title='bbox 1396 3053 1689 3187; x_wconf 86' lang='lat' dir='ltr'>Ghampollioho,</span> <span class='ocrx_word' id='word_1_86' title='bbox 1734 3087 1770 3160; x_wconf 91' lang='lat' dir='ltr'>in</span> <span class='ocrx_word' id='word_1_87' title='bbox 1801 3053 1987 3185; x_wconf 88' lang='lat' dir='ltr'>plerisque</span> 
     </span>
    </p>

    <p class='ocr_par' dir='ltr' id='par_1_6' title="bbox 124 3189 2030 4915">
     <span class='ocr_line' id='line_1_11' title="bbox 205 3189 2030 3334; baseline 0 -42"><span class='ocrx_word' id='word_1_88' title='bbox 205 3219 431 3309; x_wconf 86' lang='lat' dir='ltr'>assentirem,</span> <span class='ocrx_word' id='word_1_89' title='bbox 452 3229 670 3318; x_wconf 86' lang='lat' dir='ltr'>repertaque</span> <span class='ocrx_word' id='word_1_90' title='bbox 690 3243 816 3293; x_wconf 89' lang='lat' dir='ltr'>eorum</span> <span class='ocrx_word' id='word_1_91' title='bbox 835 3221 940 3294; x_wconf 87' lang='lat' dir='ltr'>novis</span> <span class='ocrx_word' id='word_1_92' title='bbox 956 3207 1142 3320; x_wconf 87' lang='lat' dir='ltr'>adpositis</span> <span class='ocrx_word' id='word_1_93' title='bbox 1145 3221 1330 3322; x_wconf 82' lang='lat' dir='ltr'>exemplis</span> <span class='ocrx_word' id='word_1_94' title='bbox 1355 3221 1606 3334; x_wconf 87' lang='lat' dir='ltr'>confirmarem</span> <span class='ocrx_word' id='word_1_95' title='bbox 1627 3230 1664 3292; x_wconf 89' lang='lat' dir='ltr'>et</span> <span class='ocrx_word' id='word_1_96' title='bbox 1686 3219 1874 3324; x_wconf 87' lang='lat' dir='ltr'>augerem.</span> <span class='ocrx_word' id='word_1_97' title='bbox 1901 3189 1987 3332; x_wconf 79' lang='lat' dir='ltr'>Ti-</span> <span class='ocrx_word' id='word_1_98' title='bbox 2028 3199 2030 3206; x_wconf 35' lang='lat'><strong><em>¹</em></strong></span> 
     </span>
     <span class='ocr_line' id='line_1_12' title="bbox 204 3313 1988 3460; baseline 0.001 -36"><span class='ocrx_word' id='word_1_99' title='bbox 204 3351 274 3424; x_wconf 89' lang='lat' dir='ltr'>tuli</span> <span class='ocrx_word' id='word_1_100' title='bbox 314 3351 543 3426; x_wconf 87' lang='lat' dir='ltr'>Rosettensis</span> <span class='ocrx_word' id='word_1_101' title='bbox 581 3375 669 3424; x_wconf 80' lang='lat' dir='ltr'>rcro</span> <span class='ocrx_word' id='word_1_102' title='bbox 697 3351 875 3442; x_wconf 89' lang='lat' dir='ltr'>eucherii,</span> <span class='ocrx_word' id='word_1_103' title='bbox 918 3378 991 3451; x_wconf 92' lang='lat' dir='ltr'>quo</span> <span class='ocrx_word' id='word_1_104' title='bbox 1022 3363 1169 3453; x_wconf 91' lang='lat' dir='ltr'>reperto</span> <span class='ocrx_word' id='word_1_105' title='bbox 1195 3363 1362 3427; x_wconf 87' lang='lat' dir='ltr'>veterum</span> <span class='ocrx_word' id='word_1_106' title='bbox 1395 3313 1659 3452; x_wconf 83' lang='lat' dir='ltr'>scripturamm</span> <span class='ocrx_word' id='word_1_107' title='bbox 1693 3325 1988 3478; x_wconf 62' lang='lat' dir='ltr'>aegyptiacarum</span> 
     </span>
     <span class='ocr_line' id='line_1_13' title="bbox 205 3464 1988 3591; baseline 0.001 -34"><span class='ocrx_word' id='word_1_108' title='bbox 205 3484 503 3582; x_wconf 91' lang='lat' dir='ltr'>explicandarum</span> <span class='ocrx_word' id='word_1_109' title='bbox 526 3482 831 3590; x_wconf 83' lang='lat' dir='ltr'>fundamentum</span> <span class='ocrx_word' id='word_1_110' title='bbox 815 3494 955 3584; x_wconf 80' lang='lat' dir='ltr'>Jactum</span> <span class='ocrx_word' id='word_1_111' title='bbox 983 3495 1058 3576; x_wconf 89' lang='lat' dir='ltr'>est,</span> <span class='ocrx_word' id='word_1_112' title='bbox 1102 3483 1473 3591; x_wconf 85' lang='lat' dir='ltr'>repraesentationem</span> <span class='ocrx_word' id='word_1_113' title='bbox 1495 3509 1578 3560; x_wconf 92' lang='lat' dir='ltr'>cum</span> <span class='ocrx_word' id='word_1_114' title='bbox 1607 3480 1820 3582; x_wconf 90' lang='lat' dir='ltr'>adscripta</span> <span class='ocrx_word' id='word_1_115' title='bbox 1810 3464 1988 3584; x_wconf 89' lang='lat' dir='ltr'>mterpre-</span> 
     </span>
     <span class='ocr_line' id='line_1_14' title="bbox 204 3610 1988 3728; baseline 0 -38"><span class='ocrx_word' id='word_1_116' title='bbox 204 3615 340 3690; x_wconf 89' lang='lat' dir='ltr'>tatione</span> <span class='ocrx_word' id='word_1_117' title='bbox 364 3617 582 3716; x_wconf 89' lang='lat' dir='ltr'>Youngiana</span> <span class='ocrx_word' id='word_1_118' title='bbox 604 3641 676 3690; x_wconf 93' lang='lat' dir='ltr'>non</span> <span class='ocrx_word' id='word_1_119' title='bbox 707 3643 787 3692; x_wconf 92' lang='lat' dir='ltr'>eam</span> <span class='ocrx_word' id='word_1_120' title='bbox 818 3618 965 3716; x_wconf 90' lang='lat' dir='ltr'>quidem</span> <span class='ocrx_word' id='word_1_121' title='bbox 990 3610 1043 3691; x_wconf 77' lang='lat' dir='ltr'>ob&#39;</span> <span class='ocrx_word' id='word_1_122' title='bbox 1062 3642 1208 3726; x_wconf 78' lang='lat' dir='ltr'>causam</span> <span class='ocrx_word' id='word_1_123' title='bbox 1245 3617 1538 3693; x_wconf 87' lang='lat' dir='ltr'>commentationi</span> <span class='ocrx_word' id='word_1_124' title='bbox 1557 3615 1696 3718; x_wconf 85' lang='lat' dir='ltr'>adjeci,</span> <span class='ocrx_word' id='word_1_125' title='bbox 1739 3615 1838 3728; x_wconf 86' lang='lat' dir='ltr'>quod</span> <span class='ocrx_word' id='word_1_126' title='bbox 1872 3617 1988 3702; x_wconf 80' lang='lat' dir='ltr'>omnia</span> 
     </span>
     <span class='ocr_line' id='line_1_15' title="bbox 204 3721 1990 3860; baseline -0.001 -36"><span class='ocrx_word' id='word_1_127' title='bbox 204 3759 306 3824; x_wconf 86' lang='lat' dir='ltr'>recte</span> <span class='ocrx_word' id='word_1_128' title='bbox 333 3750 550 3849; x_wconf 87' lang='lat' dir='ltr'>exposuisse</span> <span class='ocrx_word' id='word_1_129' title='bbox 577 3751 789 3850; x_wconf 92' lang='lat' dir='ltr'>Youngium</span> <span class='ocrx_word' id='word_1_130' title='bbox 814 3761 1000 3852; x_wconf 88' lang='lat' dir='ltr'>putarem,</span> <span class='ocrx_word' id='word_1_131' title='bbox 1031 3775 1139 3848; x_wconf 83' lang='lat' dir='ltr'>quam</span> <span class='ocrx_word' id='word_1_132' title='bbox 1165 3753 1399 3842; x_wconf 90' lang='lat' dir='ltr'>sententiam,</span> <span class='ocrx_word' id='word_1_133' title='bbox 1428 3750 1648 3852; x_wconf 68' lang='lat' dir='ltr'>nlsidallor,</span> <span class='ocrx_word' id='word_1_134' title='bbox 1686 3757 1804 3860; x_wconf 76' lang='lat' dir='ltr'>neque</span> <span class='ocrx_word' id='word_1_135' title='bbox 1830 3721 1911 3850; x_wconf 78' lang='lat' dir='ltr'>ipse</span> <span class='ocrx_word' id='word_1_136' title='bbox 1932 3749 1990 3825; x_wconf 77' lang='lat' dir='ltr'>tir</span> 
     </span>
     <span class='ocr_line' id='line_1_16' title="bbox 208 3855 1991 3984; baseline 0 -26"><span class='ocrx_word' id='word_1_137' title='bbox 208 3883 441 3959; x_wconf 88' lang='lat' dir='ltr'>doctissimus</span> <span class='ocrx_word' id='word_1_138' title='bbox 463 3884 558 3958; x_wconf 90' lang='lat' dir='ltr'>tueri</span> <span class='ocrx_word' id='word_1_139' title='bbox 580 3886 674 3974; x_wconf 75' lang='lat' dir='ltr'>rult;</span> <span class='ocrx_word' id='word_1_140' title='bbox 713 3885 976 3982; x_wconf 91' lang='lat' dir='ltr'>sedquoniam</span> <span class='ocrx_word' id='word_1_141' title='bbox 1003 3885 1183 3984; x_wconf 89' lang='lat' dir='ltr'>permulta</span> <span class='ocrx_word' id='word_1_142' title='bbox 1210 3883 1249 3957; x_wconf 91' lang='lat' dir='ltr'>in</span> <span class='ocrx_word' id='word_1_143' title='bbox 1277 3883 1339 3957; x_wconf 91' lang='lat' dir='ltr'>illa</span> <span class='ocrx_word' id='word_1_144' title='bbox 1362 3883 1660 3984; x_wconf 87' lang='lat' dir='ltr'>interpretatione</span> <span class='ocrx_word' id='word_1_145' title='bbox 1689 3886 1781 3960; x_wconf 89' lang='lat' dir='ltr'>bene</span> <span class='ocrx_word' id='word_1_146' title='bbox 1810 3855 1991 3983; x_wconf 74' lang='lat' dir='ltr'>explicata</span> 
     </span>
     <span class='ocr_line' id='line_1_17' title="bbox 204 4015 1989 4116; baseline -0.001 -26"><span class='ocrx_word' id='word_1_147' title='bbox 204 4041 288 4092; x_wconf 88' lang='lat' dir='ltr'>esse</span> <span class='ocrx_word' id='word_1_148' title='bbox 310 4043 517 4108; x_wconf 89' lang='lat' dir='ltr'>censerem,</span> <span class='ocrx_word' id='word_1_149' title='bbox 548 4027 655 4114; x_wconf 90' lang='lat' dir='ltr'>atque</span> <span class='ocrx_word' id='word_1_150' title='bbox 679 4019 725 4092; x_wconf 93' lang='lat' dir='ltr'>de</span> <span class='ocrx_word' id='word_1_151' title='bbox 747 4018 804 4109; x_wconf 91' lang='lat' dir='ltr'>iis,</span> <span class='ocrx_word' id='word_1_152' title='bbox 825 4042 917 4114; x_wconf 91' lang='lat' dir='ltr'>quae</span> <span class='ocrx_word' id='word_1_153' title='bbox 944 4017 1002 4092; x_wconf 84' lang='lat' dir='ltr'>vir</span> <span class='ocrx_word' id='word_1_154' title='bbox 1023 4017 1159 4116; x_wconf 90' lang='lat' dir='ltr'>optime</span> <span class='ocrx_word' id='word_1_155' title='bbox 1178 4016 1330 4090; x_wconf 87' lang='lat' dir='ltr'>meritus</span> <span class='ocrx_word' id='word_1_156' title='bbox 1350 4015 1389 4090; x_wconf 92' lang='lat' dir='ltr'>in</span> <span class='ocrx_word' id='word_1_157' title='bbox 1408 4017 1478 4092; x_wconf 91' lang='lat' dir='ltr'>hoc</span> <span class='ocrx_word' id='word_1_158' title='bbox 1499 4018 1702 4092; x_wconf 89' lang='lat' dir='ltr'>studiorum</span> <span class='ocrx_word' id='word_1_159' title='bbox 1724 4042 1858 4116; x_wconf 90' lang='lat' dir='ltr'>genere</span> <span class='ocrx_word' id='word_1_160' title='bbox 1883 4039 1989 4114; x_wconf 70' lang='lat' dir='ltr'>prae</span> 
     </span>
     <span class='ocr_line' id='line_1_18' title="bbox 205 4149 1988 4247; baseline -0.001 -23"><span class='ocrx_word' id='word_1_161' title='bbox 205 4149 356 4242; x_wconf 88' lang='lat' dir='ltr'>stiterit,</span> <span class='ocrx_word' id='word_1_162' title='bbox 390 4150 525 4247; x_wconf 90' lang='lat' dir='ltr'>aliquid</span> <span class='ocrx_word' id='word_1_163' title='bbox 548 4149 739 4224; x_wconf 83' lang='lat' dir='ltr'>detrahere</span> <span class='ocrx_word' id='word_1_164' title='bbox 770 4151 873 4226; x_wconf 86' lang='lat' dir='ltr'>naias</span> <span class='ocrx_word' id='word_1_165' title='bbox 911 4151 1094 4225; x_wconf 85' lang='lat' dir='ltr'>ducerem.</span> <span class='ocrx_word' id='word_1_166' title='bbox 1166 4149 1326 4224; x_wconf 91' lang='lat' dir='ltr'>Primam</span> <span class='ocrx_word' id='word_1_167' title='bbox 1358 4150 1606 4224; x_wconf 91' lang='lat' dir='ltr'>tantummodo</span> <span class='ocrx_word' id='word_1_168' title='bbox 1643 4149 1869 4224; x_wconf 87' lang='lat' dir='ltr'>celeberrimi</span> <span class='ocrx_word' id='word_1_169' title='bbox 1892 4149 1988 4231; x_wconf 86' lang='lat' dir='ltr'>tituli</span> 
     </span>
     <span class='ocr_line' id='line_1_19' title="bbox 204 4279 1988 4384; baseline -0.001 -26"><span class='ocrx_word' id='word_1_170' title='bbox 204 4295 354 4380; x_wconf 87' lang='lat' dir='ltr'>partem,</span> <span class='ocrx_word' id='word_1_171' title='bbox 386 4283 545 4356; x_wconf 91' lang='lat' dir='ltr'>sedecim</span> <span class='ocrx_word' id='word_1_172' title='bbox 564 4283 671 4358; x_wconf 90' lang='lat' dir='ltr'>lineis</span> <span class='ocrx_word' id='word_1_173' title='bbox 696 4285 939 4384; x_wconf 84' lang='lat' dir='ltr'>complexam,</span> <span class='ocrx_word' id='word_1_174' title='bbox 967 4283 1117 4382; x_wconf 89' lang='lat' dir='ltr'>quaein</span> <span class='ocrx_word' id='word_1_175' title='bbox 1139 4283 1272 4362; x_wconf 86' lang='lat' dir='ltr'>tabulis</span> <span class='ocrx_word' id='word_1_176' title='bbox 1289 4282 1320 4355; x_wconf 91' lang='grc' dir='ltr'>Ι.</span> <span class='ocrx_word' id='word_1_177' title='bbox 1341 4279 1393 4356; x_wconf 91' lang='grc' dir='ltr'>ΙΙ.</span> <span class='ocrx_word' id='word_1_178' title='bbox 1412 4283 1484 4358; x_wconf 88' lang='grc' dir='ltr'>ΙΠ.</span> <span class='ocrx_word' id='word_1_179' title='bbox 1505 4283 1571 4356; x_wconf 90' lang='lat' dir='ltr'>IV.</span> <span class='ocrx_word' id='word_1_180' title='bbox 1592 4291 1763 4356; x_wconf 86' lang='lat' dir='ltr'>exaratae</span> <span class='ocrx_word' id='word_1_181' title='bbox 1781 4294 1988 4376; x_wconf 89' lang='lat' dir='ltr'>cernuntur,</span> 
     </span>
     <span class='ocr_line' id='line_1_20' title="bbox 203 4411 1988 4516; baseline 0.001 -29"><span class='ocrx_word' id='word_1_182' title='bbox 203 4411 340 4512; x_wconf 88' lang='lat' dir='ltr'>primae</span> <span class='ocrx_word' id='word_1_183' title='bbox 368 4417 453 4491; x_wconf 93' lang='lat' dir='ltr'>huic</span> <span class='ocrx_word' id='word_1_184' title='bbox 472 4418 761 4492; x_wconf 90' lang='lat' dir='ltr'>commentationi</span> <span class='ocrx_word' id='word_1_185' title='bbox 787 4414 925 4516; x_wconf 83' lang='lat' dir='ltr'>adjeci3</span> <span class='ocrx_word' id='word_1_186' title='bbox 969 4418 1135 4508; x_wconf 86' lang='lat' dir='ltr'>alteram,</span> <span class='ocrx_word' id='word_1_187' title='bbox 1172 4439 1265 4512; x_wconf 81' lang='lat' dir='ltr'>quae</span> <span class='ocrx_word' id='word_1_188' title='bbox 1300 4424 1491 4513; x_wconf 84' lang='lat' dir='ltr'>superest,</span> <span class='ocrx_word' id='word_1_189' title='bbox 1521 4425 1682 4514; x_wconf 89' lang='lat' dir='ltr'>partem,</span> <span class='ocrx_word' id='word_1_190' title='bbox 1707 4414 1857 4490; x_wconf 87' lang='lat' dir='ltr'>totidem</span> <span class='ocrx_word' id='word_1_191' title='bbox 1884 4416 1988 4490; x_wconf 88' lang='lat' dir='ltr'>lineis</span> 
     </span>
     <span class='ocr_line' id='line_1_21' title="bbox 203 4547 1989 4648; baseline 0.002 -30"><span class='ocrx_word' id='word_1_192' title='bbox 203 4557 426 4643; x_wconf 83' lang='lat' dir='ltr'>contentam,</span> <span class='ocrx_word' id='word_1_193' title='bbox 454 4561 491 4624; x_wconf 90' lang='lat' dir='ltr'>et</span> <span class='ocrx_word' id='word_1_194' title='bbox 515 4550 553 4624; x_wconf 93' lang='lat' dir='ltr'>in</span> <span class='ocrx_word' id='word_1_195' title='bbox 577 4550 710 4624; x_wconf 91' lang='lat' dir='ltr'>tabulis</span> <span class='ocrx_word' id='word_1_196' title='bbox 740 4551 785 4624; x_wconf 77' lang='lat' dir='ltr'>V.</span> <span class='ocrx_word' id='word_1_197' title='bbox 814 4550 880 4625; x_wconf 82' lang='lat' dir='ltr'>VI.</span> <span class='ocrx_word' id='word_1_198' title='bbox 917 4550 1005 4625; x_wconf 83' lang='lat' dir='ltr'>vll.</span> <span class='ocrx_word' id='word_1_199' title='bbox 1035 4551 1142 4626; x_wconf 83' lang='lat' dir='ltr'><strong>VIII.</strong></span> <span class='ocrx_word' id='word_1_200' title='bbox 1169 4549 1512 4648; x_wconf 85' lang='lat' dir='ltr'>repraesentandam</span> <span class='ocrx_word' id='word_1_201' title='bbox 1549 4547 1709 4647; x_wconf 85' lang='lat' dir='ltr'>excipiet</span> <span class='ocrx_word' id='word_1_202' title='bbox 1740 4548 1989 4624; x_wconf 89' lang='lat' dir='ltr'>commentatio</span> 
     </span>
     <span class='ocr_line' id='line_1_22' title="bbox 203 4680 1989 4780; baseline 0 -26"><span class='ocrx_word' id='word_1_203' title='bbox 203 4680 375 4754; x_wconf 84' lang='lat' dir='ltr'>secunda.</span> <span class='ocrx_word' id='word_1_204' title='bbox 424 4685 499 4758; x_wconf 91' lang='lat' dir='ltr'>Pro</span> <span class='ocrx_word' id='word_1_205' title='bbox 520 4683 707 4774; x_wconf 80' lang='lat' dir='ltr'>vocabulis</span> <span class='ocrx_word' id='word_1_206' title='bbox 732 4683 852 4758; x_wconf 89' lang='lat' dir='ltr'>latinis</span> <span class='ocrx_word' id='word_1_207' title='bbox 876 4682 1049 4774; x_wconf 88' lang='lat' dir='ltr'>benefici,</span> <span class='ocrx_word' id='word_1_208' title='bbox 1081 4683 1258 4773; x_wconf 88' lang='lat' dir='ltr'>illustris,</span> <span class='ocrx_word' id='word_1_209' title='bbox 1295 4681 1477 4772; x_wconf 89' lang='lat' dir='ltr'>munifici,</span> <span class='ocrx_word' id='word_1_210' title='bbox 1516 4681 1667 4756; x_wconf 90' lang='lat' dir='ltr'>amantis</span> <span class='ocrx_word' id='word_1_211' title='bbox 1689 4683 1804 4780; x_wconf 91' lang='lat' dir='ltr'>patris</span> <span class='ocrx_word' id='word_1_212' title='bbox 1828 4681 1989 4778; x_wconf 85' lang='lat' dir='ltr'>aliisque,</span> 
     </span>
     <span class='ocr_line' id='line_1_23' title="bbox 124 4809 1988 4915; baseline 0.001 -28"><span class='ocrx_word' id='word_1_213' title='bbox 124 4809 129 4818; x_wconf 79' lang='grc'><strong>’</strong></span> <span class='ocrx_word' id='word_1_214' title='bbox 200 4837 295 4912; x_wconf 82' lang='lat' dir='ltr'>quae</span> <span class='ocrx_word' id='word_1_215' title='bbox 315 4811 507 4910; x_wconf 89' lang='lat' dir='ltr'>adscripsit</span> <span class='ocrx_word' id='word_1_216' title='bbox 528 4817 734 4914; x_wconf 89' lang='lat' dir='ltr'>Youngius,</span> <span class='ocrx_word' id='word_1_217' title='bbox 762 4842 891 4915; x_wconf 88' lang='lat' dir='ltr'>graeca</span> <span class='ocrx_word' id='word_1_218' title='bbox 911 4816 1046 4892; x_wconf 89' lang='lat' dir='ltr'>retinui</span> <span class='ocrx_word' id='word_1_219' title='bbox 1066 4825 1270 4914; x_wconf 78' lang='lat' dir='ltr'>evergetae,</span> <span class='ocrx_word' id='word_1_220' title='bbox 1293 4814 1495 4914; x_wconf 90' lang='lat' dir='ltr'>epiphanis,</span> <span class='ocrx_word' id='word_1_221' title='bbox 1514 4813 1722 4904; x_wconf 86' lang='lat' dir='ltr'>eucharisti,</span> <span class='ocrx_word' id='word_1_222' title='bbox 1739 4813 1988 4912; x_wconf 85' lang='lat' dir='ltr'>philopatoris,</span> 
     </span>
    </p>
   </div>
   <div class='ocr_carea' id='block_1_6' title="bbox 201 4946 1837 5134">
    <p class='ocr_par' dir='ltr' id='par_1_7' title="bbox 201 4946 1837 5134">
     <span class='ocr_line' id='line_1_24' title="bbox 201 4946 1837 5048; baseline -0.002 -26"><span class='ocrx_word' id='word_1_223' title='bbox 201 4956 355 5046; x_wconf 84' lang='lat' dir='ltr'>atquae</span> <span class='ocrx_word' id='word_1_224' title='bbox 376 4946 476 5044; x_wconf 89' lang='lat' dir='ltr'>regia</span> <span class='ocrx_word' id='word_1_225' title='bbox 503 4952 713 5044; x_wconf 87' lang='lat' dir='ltr'>cognomina</span> <span class='ocrx_word' id='word_1_226' title='bbox 733 4975 863 5048; x_wconf 78' lang='lat' dir='ltr'>gruem</span> <span class='ocrx_word' id='word_1_227' title='bbox 886 4950 1067 5026; x_wconf 89' lang='lat' dir='ltr'>enchoriis</span> <span class='ocrx_word' id='word_1_228' title='bbox 1087 4974 1269 5048; x_wconf 86' lang='lat' dir='ltr'>expressa</span> <span class='ocrx_word' id='word_1_229' title='bbox 1296 4948 1380 5039; x_wconf 89' lang='lat' dir='ltr'>siut,</span> <span class='ocrx_word' id='word_1_230' title='bbox 1406 4946 1568 5044; x_wconf 89' lang='lat' dir='ltr'>apertius</span> <span class='ocrx_word' id='word_1_231' title='bbox 1587 4946 1837 5045; x_wconf 81' lang='lat' dir='ltr'>significarem.</span> 
     </span>
     <span class='ocr_line' id='line_1_25' title="bbox 1602 5085 1624 5134; baseline 0 -12"><span class='ocrx_word' id='word_1_232' title='bbox 1602 5085 1624 5134; x_wconf 57' lang='lat' dir='ltr'>a</span> 
     </span>
    </p>
   </div>
   <div class='ocr_carea' id='block_1_7' title="bbox 0 0 2454 6194">
    <p class='ocr_par' dir='ltr' id='par_1_8' title="bbox 0 0 2454 6194">
     <span class='ocr_line' id='line_1_26' title="bbox 0 0 2454 6194; baseline 0 0"><span class='ocrx_word' id='word_1_233' title='bbox 0 0 2454 6194; x_wconf 95' lang='lat' dir='ltr'> </span> 
     </span>
    </p>
   </div>
  </div>
 </body>
</html>
