4898 6194
484 557 534 632 48
934 609 937 616 .
1290 587 1488 606 ---

487 740 619 813 Octava
643 741 733 810 tituli
755 738 969 810 mettensis
993 741 1111 835 graeci
1135 739 1226 809 linea
1240 736 1341 808 'haec
1372 739 1533 830 leguntur
1557 701 1679 806 verba:

887 869 1107 960 πιολιμαιου
1129 869 1334 954 αιιινοβιου
1356 863 1592 951 ἠγαπημένον
1614 861 1684 930 ὑπὸ
1705 867 1771 932 τοῦ
1794 869 1878 951 esu

487 1015 575 1084 quae
599 995 689 1062 linea
715 977 832 1166 quinta
856 993 945 1061 tituli
971 991 1125 1062 enehorii
1148 993 1195 1060 ita
1220 997 1476 1083 repraesentata
1502 998 1703 1058 cemuutur·

852 1131 960 1260 ιι
983 1138 1127 1310 ιι
1181 1105 1676 1257 fetuum
1701 1113 1949 1296 (ιιι.)

1052 1297 1162 1373 ιιιιὲι
1602 1319 1710 1372 ιιιιιιι

491 1431 626 1498 Nomen
651 1429 851 1521 sempervivi
874 1431 911 1497 in
846 1331 1398 1520 tituloPRosettensrpgraeco
1422 1427 1501 1518 plus
1527 1335 1761 1492 eadelm
1655 1448 1731 1518 regi
1719 1425 1945 1496 Ptolemaeo
1966 1426 2129 1495 tributum
2155 1427 2277 1495 eodem
2333 1421 2338 1426 ’

492 1564 619 1653 ubique
644 1565 768 1658 siglo
758 1586 794 1631 ιιι
819 1564 918 1630 titulo
945 1562 1108 1631 enchorio
1134 1561 1365 1654 significatum
1389 1559 1568 1649 reperitur.
1631 1557 1738 1650 Cujus
1761 1560 1843 1652 sigli
1867 1561 1984 1629 rudior
2009 1560 2177 1651 quaedam
2202 1563 2279 1630 fot-

490 1719 569 1782 ma‚
595 1707 630 1766 et
654 1699 865 1766 festinantius
890 1696 1033 1762 fortasse
1057 1703 1212 1781 exarata,
1236 1695 1272 1762 in
1297 1695 1377 1764 loco
1403 1694 1530 1784 pepyri
1556 1692 1726 1761 Casatiani
1760 1715 1886 1784 supra,
1929 1717 2011 1788 pag.
2042 1696 2104 1766 46.
2135 1718 2278 1786 reprae-

493 1839 623 1899 sentato
649 1843 765 1900 exstat
817 1832 955 1920 Siquis
981 1831 1094 1917 dicat,
1133 1828 1204 1898 hoc
1238 1827 1442 1898 vocabulum
1476 1827 1688 1920 sempervivi·
1713 1825 1913 1896 enchorium
1945 1827 2072 1922 siglam
2097 1851 2168 1897 non
2192 1851 2276 1918 esse,

495 1963 557 2030 sed
582 1984 678 2030 veras
703 1965 830 2032 litteras
856 1965 1041 2050 continere,
1068 1987 1145 2032 eum
1175 1984 1315 2054 prorsus
1347 1961 1487 2052 quidem
1521 1961 1682 2030 refellere
1716 1983 1788 2029 nou
1819 1983 1976 2052 possum
2026 1970 2061 2029 at
2094 1964 2133 2033 id
2158 1933 2280 2034 'tamen'

495 2097 587 2186 acio,
619 2119 675 2165 me
700 2099 900 2188 sigusina,
934 2121 975 2165 ex
1000 2096 1351 2186 quibusvooabulum
1377 2096 1579 2186 sempervivi
1604 2103 1752 2181 constat,
1786 2104 1945 2166 utu-eras
1970 2097 2096 2166 litteras
2117 2108 2281 2191 usurpata

495 2230 568 2298 aliis
591 2231 676 2300 locis
693 2233 845 2301 nondum
872 2231 1149 2322 deprehendisse.

597 2366 754 2451 Quod
728 2389 757 2434 ιι
781 2376 971 2455 quaeratur,
997 2366 1099 2440 unde
1114 2373 1223 2477 spmta
1247 2373 1282 2434 et
1306 2387 1374 2456 qua
1397 2364 1529 2432 ratione
1555 2315 1694 2434 condita
1720 2364 1785 2431 sint
1809 2365 1897 2458 sigla
1920 2363 2009 2434 haec
2035 2365 2206 2455 enchoria,
2232 2367 2280 2438 de
2413 2427 2414 2446 ,

497 2500 620 2588 quibus
645 2501 751 2568 modo
778 2501 968 2591 disputari,
995 2500 1138 2570 sonasse
1163 2498 1441 2591 respondendum
1467 2499 1550 2585 erit,
1584 2498 1674 2590 sigla
1699 2521 1738 2566 ea
1763 2499 1926 2568 enchoria
1950 2521 2023 2566 esse
2048 2499 2226 2570 formas
2201 2525 2282 2569 srm-

495 2632 656 2723 pliciores
688 2643 724 2700 et
759 2634 915 2702 rudiores
947 2633 1111 2725 siglorum
1136 2633 1492 2726 ,ldmoglyphicorum
1527 2633 1664 2700 easdem
1697 2655 1751 2700 res
1782 2633 2053 2724 significantium.
2113 2634 2284 2738 Exposuit

499 2766 588 2832 enim
612 2766 964 2870 repraesentandaque
990 2766 1425 2858 curavit-Champolliouus
1456 2769 1492 2834 in
1525 2766 1636 2834 libror
1687 2764 1803 2836 Prtcts
1840 2766 1902 2840 du.
1922 2764 2066 2854 systime
2102 2763 2283 2860 hierogly-

497 2897 648 2990 pbique3
692 2899 879 2990 plauches,
919 2904 1004 2970 Nro.
1029 2900 1065 2974 5.
1097 2901 1237 2990 aliisque
1267 2901 1370 2993 hujus
1405 2901 1486 2971 libri
1519 2901 1605 2970 locis
1630 2900 1798 2970 vocabula
1823 2900 1991 2990 quaedam
2014 2900 2283 2993 hieroglyphice
2413 2889 2414 2906 ¹

500 3034 637 3124 scripta,
664 3056 751 3124 quae
769 3009 866 3127 'sigla
893 3057 965 3104 esse
990 3035 1022 3102 ei
1046 3036 1117 3102 visa
1142 3045 1228 3122 runt,
1254 3036 1444 3126 quibusque
1468 3035 1659 3125 similitudo
1677 3035 1756 3102 satis
1780 3057 1905 3128 magua
1929 3057 2007 3105 cum
2032 3035 2127 3127 siglis
2153 3035 2284 3136 encho-

500 3166 559 3234 riis
585 3191 606 3235 a
637 3191 692 3236 me
718 3169 879 3258 expositis
910 3169 1101 3238 intercedit
1181 3169 1287 3255 Quod
1316 3179 1355 3236 ut
1387 3169 1507 3238 melius
1540 3169 1769 3261 perspiciatur
1800 3169 1888 3260 sigla
1923 3170 1984 3236 illa
2017 3167 2283 3262 hieroglyphice
2413 3183 2414 3192 ’

501 3321 579 3394 cum
606 3300 776 3370 enchoriis
801 3293 938 3372 easdem
962 3327 1019 3372 res
1043 3301 1313 3396 significantibus
1346 3303 1476 3373 collata
1508 3303 1545 3370 iu
1568 3301 1684 3372 abus
1707 3302 1751 3370 B.
1787 3299 1869 3372 huic
1894 3303 2042 3396 paginae
2068 3277 2204 3396 adjecta
2227 3325 2283 3371 re-

498 3437 721 3524 praesentavi.

603 3567 683 3635 Alia
703 3571 871 3640 vocabula
896 3573 1063 3662 quaedam
1089 3509 1269 3664 enchoria,
1307 3593 1397 3662 quae
1417 3572 1466 3640 ita
1489 3572 1637 3639 breviter
1661 3571 1912 3664 significantur,
1947 3581 1984 3640 ut
2016 3572 2103 3666 sigla
2139 3573 2284 3644 fortasse
2313 3551 2319 3564 ⁹
2413 3583 2414 3618 l

502 3724 544 3770 ea
567 3701 730 3770 habenda
754 3704 836 3792 sint,
862 3706 898 3772 in
922 3707 1101 3776 tabulaC.
1125 3716 1261 3776 exarata
1286 3707 1417 3820 adieci3
1453 3728 1598 3796 quorum
1623 3707 1937 3801 significationem'
1927 3729 1964 3774 m
1986 3708 2104 3776 tabula
2130 3709 2287 3802 adscrip·
2413 3723 2414 3760 ι

501 3844 571 3904 tam
595 3839 751 3928 proxima
774 3842 1058 3908 commentatione
1081 3843 1216 3910 uberius
1242 3843 1493 3912 demonstrabo.

501 4003 503 4007 ·
596 3970 711 4062 ‚siglis
735 3973 949 4041 adnumerari
972 3996 1074 4066 posse
1100 3976 1258 4044 videntur
1283 3977 1386 4044 etiam
1412 3975 1510 4067 signa
1537 3975 1714 4061 enchoria,
1751 3997 1838 4064 quae
1863 3932 1999 4044 nomina
2022 3975 2187 4044 mensium
2212 3979 2287 4046 Ae·

504 4105 706 4198 gyptiorum
739 4106 775 4174 in
810 4106 1015 4200 syngraphis
1051 4108 1219 4178 enchoriis
1254 4110 1447 4204 significare
1481 4109 1602 4176 solent
1677 4110 1777 4179 Haec
1814 4109 1904 4176 enim
1937 4108 2098 4176 mensim
2122 4108 2221 4200 signa
2246 4133 2287 4178 ex

503 4240 610 4332 siguis
634 4239 734 4340 trium
759 4251 998 4333 tempestatum
1022 4251 1123 4334 atque
1158 4245 1303 4312 numeris
1328 4244 1519 4336 composita
1543 4251 1630 4330 sunt,
1659 4244 1717 4332 qui
1743 4245 1894 4336 singulos
1927 4247 2165 4333 tempestatum
2189 4267 2288 4313 men·

506 4396 559 4442 ees
583 4383 771 4443 numerant
823 4375 965 4444 Veteres
990 4387 1145 4448 auctores
1166 4378 1240 4471 jam
1265 4379 1498 4462 tradiderunt,
1531 4375 1658 4443 intres
1683 4386 1800 4468 partes
1825 4395 1950 4444 annum
1983 4375 2032 4442 ita
2067 4372 2287 4468 descripsisse

506 4510 722 4602 Aegyptios,
748 4517 786 4574 ut
811 4516 956 4598 quatuor
978 4534 1108 4579 menses
1132 4514 1260 4605 justum
1286 4511 1459 4604 quoddam
1485 4511 1648 4600 temporis
1673 4514 1819 4605 spatium
1843 4509 2064 4602 complerent.
2102 4509 2286 4602 'Diodorus
2413 4563 2414 4592 ι

505 4644 667 4729 sinum,
701 4640 789 4732 quae
827 4645 972 4712 Hermes
1008 4647 1201 4740 Aegyptius
1245 4647 1423 4716 instituerit
1464 4667 1642 4737 enarrans,
1699 4649 1789 4716 libro
1824 4646 1924 4738 prim.
1968 4665 2046 4735 cap.
2087 4644 2146 4714 16.
2182 4646 2285 4716 dicit:

506 4767 569 4837 τὸν
592 4737 706 4853 ἓρμῆν
731 4805 772 4822 ·-
794 4771 918 4851 λύραν
936 4793 974 4837 τε
997 4773 1136 4852 εὑρεῖν,
1168 4777 1219 4860 ’ἢν
1241 4783 1391 4858 ποιῆσαι
1414 4774 1626 4855 τρίχορδον,
1646 4775 1900 4859 μιμησάμενον
1929 4769 1994 4836 τὰς
2015 4773 2099 4836 κατ’
2121 4769 2285 4836 ἐνιαυτὸν

508 4887 620 4969 ὥρας.
648 4893 745 4968 τρεῖς
765 4888 840 4972 γὰρ
865 4884 977 4953 αὐτὸν
997 4887 1270 4973 ὑποστήσασθαι
1287 4891 1499 4977 φθόγγους,
1525 4889 1620 4965 ὀξὺν
1640 4891 1704 4955 καὶ
1725 4886 1851 4974 βαρὺν
1875 4886 1940 4954 και
1963 4885 2087 4970 μέσον·
2107 4883 2202 4958 ὀξὺν
2217 4885 2285 4969 μὲν

512 5023 583 5094 clad
596 5025 661 5090 τοῦ
674 5017 822 5102 θέρους,
846 5018 971 5104 βαρὺν
987 5019 1110 5089 stunt
1130 5027 1195 5089 τοῦ
1210 5028 1400 5106 χειμῶνος,
1418 5023 1533 5106 μέσον
1545 5020 1584 5088 δὲ
1601 5020 1675 5110 dud
1695 5023 1902 5104 reddamus,-
1922 5019 2026 5102 tique
2050 5009 2097 5079 de
2120 5010 2288 5082 veteribus
