4898 6194
1013 555 1201 571 ·--··-·
1811 527 2113 608 ,49Ι

168 664 177 677 ἱ
223 709 403 803 Aagpptiis
426 705 533 774 verba
550 704 690 792 iaciens,
717 725 793 794 etp.
815 705 882 775 26:
908 695 1148 800 κοραπλήσιοι
1169 711 1208 780 δὲ
1241 711 1390 796 λέγουσι
1416 714 1480 780 nul
1509 713 1590 794 περὶ
1619 717 1692 781 τῶν
1719 718 1910 798 τριακόσια
1940 723 2000 810 ἔτη

224 836 433 904 δοκούντων
455 835 582 912 ἄρξαι.
605 833 685 938 κοτ’
708 829 869 898 ἐκείνους
889 832 962 916 γὰρ
984 829 1070 896 τοὺς
1092 829 1338 912 χρόνους-τὸν
1352 829 1526 904 Ιἐνιοιυτὸν
1557 834 1818 913 axamitum:
1841 835 1999 920 τέτταρσι
2025 921 2030 930 ,

217 953 330 1038 μησὶ,
357 958 432 1018 τοῖς
453 947 655 1034 γινομένοις
677 948 772 1014 κατὰ
792 949 854 1014 τὰς
876 945 1038 1014 ἑκάστων
1060 953 1133 1014 τῶν
1154 947 1302 1030 χρόνων
1325 947 1446 1030 ὥρας,
1484 945 1565 1027 οἷον
1587 950 1711 1032 ἔαρος,
1741 949 1896 1034 θέρους,
1922 979 1998 1038 χει.

152 1117 160 1130 ·
218 1089 351 1168 miros.
399 1075 446 1142 Et
470 1072 671 1141 Plutarchus
695 1073 732 1138 in
755 1073 824 1140 rita
848 1073 995 1157 Numae,
1021 1093 1098 1162 cap.
1128 1073 1193 1142 18:
1221 1083 1423 1168 αἰγυιιτίοις
1449 1083 1488 1152 st
1511 1091 1681 1169 μηνιαῖος
1711 1081 1759 1168 ἦν
1782 1087 1996 1166 distaverit,

222 1213 303 1284 εἶτα
324 1217 556 1301 τειράμηνος,
579 1214 629 1279 ὥς
650 1228 763 1302 φασι.
806 1205 1008 1274 Censorinus
1033 1205 1070 1270 in
1092 1204 1199 1290 libro,
1237 1207 1296 1294 qui
1321 1206 1366 1272 de
1392 1207 1448 1274 die
1481 1209 1584 1274 natali
1615 1211 1793 1300 inscriptus
1820 1220 1885 1298 est,
1920 1235 1997 1303 cap.

223 1343 288 1412 19:
340 1341 387 1408 Et
410 1341 445 1406 in
471 1342 635 1432 Aegypto
661 1340 798 1428 quidem
823 1339 1086 1428 antiquissimum
1111 1339 1225 1406 ferant
1249 1361 1373 1407 armum
1396 1343 1591 1410 bimestrem
1616 1343 1736 1424 luisse3
1770 1352 1851 1436 post
1877 1345 2002 1413 deinde
2023 1378 2032 1394 ι

225 1475 269 1542 ab
294 1475 394 1542 Isone
419 1494 502 1566 rege
529 1473 808 1562 quadrimestrem
833 1473 982 1551 iactum3
1021 1453 1198 1540 nouissime
1232 1473 1397 1540 Arminon
1429 1473 1474 1542 ad
1505 1475 1671 1547 tredecim
1696 1499 1825 1571 menses
1858 1487 1892 1545 et
1923 1479 2018 1547 dies-

159 1666 164 1674 .
223 1609 372 1697 quinque
396 1608 606 1699 perduxisse.
657 1606 790 1675 solinus
814 1607 850 1673 in
882 1606 989 1691 libro,
1031 1605 1090 1694 qui
1114 1603 1312 1694 Polyhistor
1345 1620 1572 1701 nuncupatur,
1613 1633 1691 1702 cap.
1721 1609 1757 1680 1:
1808 1615 1896 1680 Num
1920 1622 1998 1678 ante

222 1741 414 1834 Augustum
440 1742 619 1811 Caesarem
643 1741 772 1810 incerto
808 1739 914 1806 modo
950 1761 1074 1805 annum
1106 1741 1367 1829 computabant,
1410 1745 1469 1832 qui
1501 1746 1594 1835 apud
1627 1745 1822 1836 Aegyptios
1856 1756 1999 1834 quatuor

195 1853 198 1858 Δ
223 1877 392 1947 mensibus
417 1875 670 1961 terminabatur,
695 1874 789 1964 apud
814 1871 966 1941 Arcadas
982 1872 1099 1958 tribus,
1126 1874 1220 1963 apud
1243 1876 1438 1944 Acarnanas
1463 1899 1531 1964 sex,
1557 1881 1592 1946 in
1611 1879 1710 1946 ltalia
1736 1877 1828 1968 apud
1840 1879 1998 1947 Lavinius

221 2011 409 2098 tredecim,
454 2031 598 2098 quorum
624 2031 728 2076 annus
752 2007 910 2076 trecentis
943 2006 1156 2100 septuaginta
1185 2017 1219 2076 et
1244 2001 1389 2097 quatuor
1414 2009 1531 2078 diebus
1556 2009 1738 2078 ferebatur.
1789 2013 1997 2104 Augustinus

223 2145 261 2212 in
283 2145 386 2230 libro,
413 2146 471 2232 qui
497 2153 546 2210 est
571 2143 616 2210 de
641 2143 774 2210 ciuitate
798 2141 874 2228 Dei,
899 2139 959 2208 lib.
989 2142 1045 2210 12.
1071 2143 1243 2231 cap.'10:
1269 2141 1496 2210 Perhibentur
1521 2144 1609 2210 eninr
1633 2117 1800 2237 hegyptii
1825 2147 1997 2236 quondam

221 2285 294 2344 tam
317 2280 436 2348 breves
460 2299 563 2344 annos
587 2275 754 2362 habuisse,
778 2285 817 2342 ut
842 2273 1010 2363 quaternis
1035 2276 1202 2343 mensibus
1217 2275 1407 2356 finirentur;
1433 2277 1501 2344 vid.
1517 2269 1653 2368 quoque
1673 2279 1731 2346 lih.
1748 2277 1812 2348 15.
1841 2302 1905 2370 cap
1936 2285 1992 2352 12.

353 2413 464 2498 Quam
490 2410 766 2501 quadrimestrem
790 2409 868 2476 anni
891 2409 1107 2498 partitionem
1132 2421 1275 2500 propter
1290 2411 1476 2478 naturalem
1495 2414 1573 2478 anni
1591 2421 1892 2502 tempestatumque
1910 2389 1998 2483 con-¹

223 2547 383 2616 ditionem
408 2547 575 2636 recepisse
599 2544 793 2636 Aegyptios
818 2541 1038 2634 conjecerunt
1062 2544 1124 2610 viri
1150 2544 1264 2631 docti,
1290 2553 1328 2610 ut
1352 2545 1513 2632 Idelerns,
1540 2546 1598 2635 qui
1623 2547 1659 2612 in
1682 2547 1771 2613 libro
1802 2547 1997 2616 Chronolo-

224 2683 318 2775 piae,
342 2689 432 2772 part.
463 2682 495 2749 1.
520 2703 604 2772 pag·
630 2678 689 2750 94.
716 2675 803 2746 haec
829 2675 988 2767 exponit:
1039 2677 1087 2744 Es
1113 2678 1156 2745 ist
1181 2679 1263 2746 aber
1288 2678 1378 2748 tnch
1403 2679 1481 2748 sehr
1506 2677 1599 2747 wohl
1622 2679 1799 2773 miglich‚
1839 2683 1915 2750 dass
1941 2684 1997 2751 die

224 2817 402 2907 Aegypter
425 2815 495 2902 bey
519 2811 740 2904 Einlithrnng
764 2811 825 2878 des
841 2809 1071 2904 Sonuenjahrs
1096 2821 1206 2880 zuerst
1229 2811 1318 2881 nach
1335 2811 1869 2884 viermonatnchennoschnitten
1893 2816 1997 2887 rech-

224 2959 344 3035 ncten,
384 2948 430 3015 da
455 2946 512 3013 die
536 2948 644 3014 Natur
668 2945 772 3012 selbst
794 2943 851 3012 ihr
873 2943 963 3012 Jshr
988 2944 1023 3012 in
1049 2944 1122 3012 drei
1146 2945 1335 3014 Zeitrliume
1359 2967 1427 3014 ron
1453 2945 1563 3012 dieser
1585 2948 1701 3016 Dauer
1724 2949 1838 3036 theilt,
1876 2952 1912 3018 in
1937 2952 1994 3021 die

195 3081 368 3160 ,Periode
393 3081 455 3148 der
479 3077 864 3170 Ueberschwemmung,
895 3077 931 3143 in
956 3077 1013 3144 die
1039 3077 1102 3144 der
1125 3077 1320 3148 blithenden
1344 3079 1449 3164 Flos,
1483 3079 1555 3146 und
1579 3081 1616 3146 ln
1641 3082 1699 3148 die
1721 3083 1785 3150 der
1808 3085 1994 3154 troclrenen

223 3217 294 3286 und
317 3213 540 3308 ungesunden
564 3214 678 3280 llitae.
728 3209 1010 3302 champollionus
1035 3232 1116 3279 vero
1138 3234 1179 3279 ex
1197 3213 1339 3304 picturis
1356 3213 1567 3301 quibusdam,
1594 3235 1677 3302 quas
1701 3235 1742 3280 ex
1766 3216 1930 3306 Aegypto
1949 3219 1994 3286 ad

224 3374 300 3420 eum
324 3351 480 3420 miserunt
504 3348 710 3436 Anmtssyus
736 3345 917 3432 etSaltius,
943 3346 1040 3439 signa
1063 3347 1225 3414 mensium
1244 3347 1495 3440 Aegyptiorum
1520 3368 1599 3417 cum
1623 3346 1795 3434 enchoria,
1821 3357 1893 3414 tum
1916 3350 1993 3416 hie

222 3487 328 3554 rstica
353 3494 388 3552 et
410 3481 678 3576 hieroglyphice
700 3483 837 3568 invenit,
864 3501 1047 3570 quaecum
1066 3482 1301 3569 quadrimestri
1326 3482 1405 3548 anni
1427 3481 1611 3572 partitione
1625 3482 1769 3552 mirifice
1792 3495 1994 3576 congruunt.
2092 3508 2094 3516 ’

154 3681 157 3688 .
223 3618 328 3706 Quod
353 3618 561 3686 utilissimum
588 3637 667 3684 sane
690 3617 861 3684 inventum
885 3616 923 3682 in
946 3615 1056 3683 libro:
1108 3589 1258 3684 Bulletin
1283 3615 1467 3695 universe13
1505 3613 1667 3716 septiens
1700 3609 1836 3685 section'
1887 3618 1994 3724 Paris,

224 3751 335 3824 1824.
359 3750 558 3838 Decembre,
584 3749 639 3818 his
661 3750 772 3818 verbis
795 3749 974 3819 indicavit:
1016 3749 1095 3818 Une
1119 3749 1275 3816 nouvelle
1298 3749 1397 3816 lettre
1422 3747 1467 3816 de
1483 3749 1536 3817 M.
1555 3749 1797 3839 Champollion
1822 3751 1855 3816 le
1874 3751 1993 3842 jenne,

219 3889 271 3958 du
296 3887 348 3957 23
364 3885 568 3972 Novembre,
595 3905 749 3953 annouce
773 3905 849 3974 que,
875 3878 1008 3974 d'apris
1034 3883 1094 3950 des
1120 3883 1246 3950 demine
1272 3885 1317 3952 de
1337 3906 1534 3951 monumeus
1560 3879 1640 3973 qu'il
1665 3907 1685 3950 a
1710 3907 1804 3973 requs
1820 3881 1997 3978 dEgypte

222 4031 257 4090 et
281 4018 493 4112 rapprochks
518 4020 578 4086 des
603 4039 754 4108 papyrus
778 4015 980 4106 historiques
1006 4019 1054 4086 du
1069 4014 1226 4086 'museum
1251 4015 1300 4084 de
1322 4013 1453 4104 Tutin,
1488 4017 1514 4084 il
1539 4025 1590 4084 est
1613 4039 1764 4106 parvenu
1795 4018 1992 4127 drdtqblir,

223 4155 488 4248 premierement
511 4147 654 4221 l'ancien
679 4149 866 4218 calendrier
891 4149 1065 4244 egyptien,
1091 4147 1215 4217 l’ordre
1241 4150 1301 4217 des
1325 4151 1428 4236 mois,
1455 4150 1530 4217 leur
1554 4149 1766 4218 distribution
1792 4175 1834 4220 cn
1858 4157 1996 4252 suisque,

227 4301 263 4360 et
285 4291 379 4358 leurs
402 4309 500 4355 noms
526 4309 568 4354 eu
593 4282 753 4354 terilnres
777 4282 1079 4378 hiiroglyphique,
1102 4281 1291 4371 hie'ratique
1315 4283 1349 4350 ct
1374 4280 1583 4371 demotique3
1618 4285 1695 4374 puis
1720 4287 1753 4354 le
1778 4288 1922 4376 systeme
1947 4292 1992 4360 de

182 4491 184 4496 .
222 4423 442 4516 supputation
467 4420 514 4487 du
537 4427 647 4510 temps
667 4428 708 4522 et
731 4439 793 4486 son
818 4421 1011 4511 expression
1036 4420 1120 4524 dans
1145 4417 1193 4484 les
1210 4417 1294 4484 trois
1316 4415 1493 4498 e'critures3
1519 4419 1611 4486 enfin
1634 4418 1668 4485 le
1693 4421 1835 4510 systime
1859 4425 1905 4494 dc
1929 4449 1993 4494 nu-

222 4557 387 4629 meration
412 4555 496 4622 dans
519 4575 571 4620 ses
597 4553 757 4621 diverses·
768 4563 875 4622 sortes
900 4553 944 4622 de
970 4554 1080 4645 signes
1106 4559 1140 4618 et
1166 4552 1248 4619 daras
1273 4553 1324 4620 les
1347 4552 1429 4620 trois
1447 4549 1605 4622 tentares
1620 4555 1717 4643 aussi,
1744 4557 1903 4626 deserte
1929 4583 1996 4649 que

223 4695 273 4761 les
298 4693 416 4777 dates,
451 4711 494 4756 en
518 4684 659 4775 nonies,
690 4687 776 4756 mois
802 4696 836 4754 et
855 4687 974 4784 jours,
1016 4694 1049 4753 et
1073 4687 1122 4754 les
1146 4687 1305 4754 nombres
1331 4684 1495 4777 exprimes
1520 4688 1604 4756 dans
1628 4685 1697 4758 l'un
1723 4713 1768 4758 ou
1792 4655 1910 4759 l'uutre
1933 4693 1993 4760 des

224 4829 307 4896 trois
332 4823 508 4916 symeones,
556 4808 599 4888 ne
623 4819 817 4913 presentent
841 4820 918 4912 plus
944 4821 989 4889 de
1015 4817 1206 4889 difficultis.
1273 4817 1452 4890 L’histoire
1483 4831 1517 4890 et
1548 4823 1582 4891 la
1607 4823 1831 4918 chronologie
1855 4823 1997 4900 tireront

229 4957 448 5056 d’importans
472 4959 756 5050 renseiguements
781 4957 827 5026 de
852 4979 908 5028 ces
933 4955 1104 5025 nouvelles
1129 4956 1274 5024 notions.
1571 5059 1592 5120 7
